1875 2917
289 67 353 133 (v.)
384 68 569 118 susumus.
604 71 643 118 tt.
736 58 788 116 'ros

116 197 215 258 rignum
233 195 361 260 adoptaret,
381 196 509 245 identidem
526 197 666 262 divulgavit,
686 197 704 225 “
714 195 788 242 nani-

116 274 302 374 pffirmunqpem
327 277 369 325 per
394 261 543 326 adoptiones
564 262 661 310 semilis
682 259 789 310 claudis

204 339 235 372 m.

150 388 217 454 (to.)
234 392 352 440 Sermonis
363 405 416 440 vero
426 405 550 454 rerumque
560 398 650 438 mntem
660 404 722 452 sepe
731 403 788 451 neg·

116 451 237 515 ligentiam
245 455 354 518 ostendit,
361 464 390 503 ut
399 470 441 504 nec
447 457 511 518 quis,
520 456 628 502 necinter
635 469 703 518 quos,
711 467 788 516 quove

116 524 219 580 tempore
236 535 263 568 ac
278 521 337 582 loco,
359 522 429 568 verbe
442 520 535 580 laceret,
554 521 612 567 scire
630 527 673 567 sut
689 519 789 581 cogitare

116 583 296 632 existimaretur.
328 585 391 634 Cum
405 585 434 632 de
449 585 520 632 laniis
530 599 557 632 sc
568 585 663 632 vinariis
673 590 788 646 ageretur,

116 647 258 696 exrlsmarit
271 649 296 695 in
307 649 386 708 curii3
406 649 505 712 “Rogo
517 663 566 711 vos,
581 650 635 712 quis
649 655 726 710 potest
739 648 789 695 sine

116 710 192 759 offiils
203 714 279 761 vivere
286 714 315 763 ?”
331 713 500 778 descripsitque
509 713 676 761 sbundsntiam
687 720 790 760 vetemm

117 777 274 840 ubernarum,
290 779 352 826 unde
367 779 449 826 solitus
463 786 523 826 esset
537 779 620 826 vinum
638 777 696 824 olim
707 777 791 838 etipse

117 848 202 903 petere.
219 841 257 889 De
268 851 381 906 questore
391 842 495 906 quodam
505 843 629 890 cendidsto
638 843 699 888 inter
708 855 790 888 ausus

118 903 291 968 suffiegsticnis
303 921 352 956 sure
368 909 456 971 posuit,
469 909 487 936 ‘⁶
498 907 562 970 quod
578 915 643 970 puter
658 907 709 969 ejus
723 904 790 967 frigi-

119 967 176 1015 dflm
187 985 248 1032 tegre
258 973 304 1020 sibi
314 973 451 1036 tempestive
460 971 587 1019 dedisset.”
620 969 721 1017 Inducti
734 977 791 1016 teste

118 1033 146 1080 ln
154 1043 243 1096 senstu,
256 1038 274 1064 ‘⁶
285 1036 372 1098 Hoee,”
388 1037 474 1099 inquit,
487 1037 505 1064 “
515 1037 596 1084 matris
607 1050 665 1083 mete
674 1034 758 1081 liberte
768 1042 791 1081 et

119 1100 223 1146 ornatrix
234 1100 295 1148 fuit:
309 1101 349 1148 sed
359 1116 397 1149 me
407 1109 533 1163 petronum
541 1115 630 1163 semper
640 1099 791 1146 existimavit.

119 1161 176 1210 Hoc
192 1163 244 1211 ideo
257 1164 318 1224 dixi,
331 1165 395 1227 quod
411 1164 509 1227 quidam
523 1174 578 1212 sunt
592 1164 670 1212 sdhrm
684 1164 710 1210 in
719 1162 791 1210 domo

120 1227 182 1287 med,
198 1229 240 1290 qui
254 1243 293 1276 me
309 1238 434 1291 patronum
444 1243 491 1276 nm
506 1231 616 1291 putant’'
648 1227 694 1276 Sed
711 1235 734 1274 et
748 1243 792 1290 pro

120 1290 241 1352 tribunali,
257 1293 407 1342 Ostiensibus
440 1293 538 1340 uiddam
551 1294 646 1356 publice
662 1292 790 1353 orantibus,

120 1369 177 1402 cum
205 1357 374 1419 exmnduisset,
399 1308 499 1405 “ilihil
523 1358 608 1406 hebere
631 1358 683 1418 se,’‘
705 1357 791 1404 vocife-

119 1427 186 1468 ratus
200 1429 242 1481 est,
255 1424 272 1452 “
283 1437 355 1486 quere
365 1437 404 1471 eos
413 1422 570 1472 demereatur:
588 1423 691 1485 siquem
707 1420 790 1479 ulium,

120 1491 146 1532 et
160 1499 185 1531 se
194 1485 294 1535 liberum
309 1489 385 1535 csse.''
417 1487 483 1534 Nam
496 1487 539 1534 ills
550 1490 602 1550 ejus
613 1485 756 1550 quotidiana,
769 1493 792 1532 et

119 1547 192 1609 plene
214 1554 320 1598 omnium
340 1551 450 1599 horarum
476 1559 500 1598 et
525 1561 697 1599 momentorum
717 1557 790 1610 murt,

122 1613 142 1640 “
151 1612 238 1671 Quid?
256 1617 349 1678 egotibi
358 1615 509 1678 Theogonius
516 1615 595 1663 videor
602 1618 632 1666 ?”
641 1623 672 1676 et,
686 1615 704 1642 “
712 1622 792 1673 Λαλιι,

121 1694 160 1722 και
170 1695 201 1736 μη
212 1681 299 1737 θιγγανε
307 1681 332 1709 ·”
348 1681 470 1743 milliaque
486 1681 551 1740 talis,
563 1682 634 1728 etism
644 1678 741 1742 privatis
752 1677 792 1724 de-

120 1738 214 1804 formis,
226 1743 313 1792 nedum
324 1745 428 1809 Principi
443 1759 519 1808 neque
533 1744 659 1793 infecimdo
669 1758 745 1806 neque
756 1743 792 1788 in-

119 1805 197 1918 ἔξω,
214 1807 289 1857 immo
309 1809 380 1858 etism
395 1810 542 1873 pertinaciter
556 1810 692 1857 liberalibus
708 1806 793 1856 studiis

167 1879 208 1920 rto.

155 1934 224 2000 (tl.)
251 1937 382 1986 Historiam
404 1939 429 1985 in
451 1937 613 1998 adolescendi,
634 1937 742 1985 hortante
761 1935 792 1983 T.

121 1999 200 2062 laivio,
213 2001 318 2066 Sulpicio
326 2018 379 2050 vero
385 2002 460 2050 Flavo
468 2002 539 2049 etism
550 2003 684 2066 sdJuvente,
696 2001 794 2049 scribere

121 2078 245 2126 aggressus
257 2075 298 2114 est.
314 2067 355 2129 Eg
369 2067 538 2130 cumprimum
549 2067 664 2130 frequenti
677 2065 794 2113 auditorio

120 2131 283 2192 commisisset,
296 2147 355 2194 egre
366 2132 472 2196 perlegit,
488 2130 634 2194 refrigerabis
651 2147 711 2193 saepe
728 2145 742 2177 s
758 2144 794 2177 se·

121 2195 244 2258 metipso.
276 2197 350 2257 Nem,
365 2211 428 2257 cum,
443 2196 512 2242 initio
525 2196 673 2254 recitationis,
686 2194 794 2241 defractis

122 2259 283 2321 compluribus
293 2260 410 2309 subselliis
421 2261 532 2308 obesitate
543 2260 675 2322 cujusdam,
681 2260 743 2306 risus
752 2273 794 2304 ex·

121 2329 188 2370 ostris
202 2333 276 2384 esset3
294 2340 323 2373 ne
340 2325 419 2374 sedato
436 2325 532 2388 quidem
547 2325 653 2372 tumultu
669 2332 796 2386 temperare

122 2389 209 2452 potuit,
221 2390 280 2453 quin
291 2405 321 2438 ex
332 2389 454 2438 intervallo
464 2389 564 2450 subinde
573 2390 630 2437 facti
640 2389 795 2435 reminiscere-

123 2459 171 2513 tur,
183 2453 354 2518 cachinnosque
364 2463 487 2502 revocaret.
515 2454 546 2501 In
556 2455 689 2517 principatu
700 2466 795 2515 quoque

122 2527 147 2565 et
156 2519 249 2584 scripsit
258 2519 397 2583 plurimum,
409 2527 433 2566 et
447 2519 540 2570 assidue
554 2518 660 2567 recitavit
671 2533 712 2580 per
725 2517 796 2563 lecto·

122 2597 179 2636 rem
214 2581 314 2634 Initium
326 2593 407 2634 autem
423 2584 508 2632 sumsit
521 2584 625 2635 historin
640 2589 693 2646 post
708 2579 795 2628 cadem
