1875 2917
133 41 179 88 uo
284 39 369 105 (111.)
402 39 578 88 muninus
612 41 652 86 uu

133 167 193 214 mini
204 166 335 215 deletorum
348 167 407 216 fides
420 170 542 230 emogata.
572 166 652 216 Omne
665 163 755 213 erimen
772 179 827 226 pro

133 230 228 294 capitali
244 241 372 312 receptum,
388 233 460 281 etiam
474 247 604 312 paucorum
618 229 826 312 simpliciumquf

134 297 263 343 verborum.
295 296 425 360 ObJeetum
436 306 473 346 est
482 306 567 374 poete,
585 295 649 360 quod
659 309 686 342 1n
695 295 824 356 tragedia

133 359 337 421 Agammonn
343 362 433 424 probris
443 361 587 410 hoesnssm
599 362 719 422 objectum
730 358 822 408 ethis-

133 425 214 486 torioo‚
231 425 296 488 quod
311 427 444 474 “Brutum
466 427 624 489 Cassiumque
641 423 742 471 ultimos
760 423 820 472 Ro-

132 491 274 536 munomm”
289 491 402 540 dixissetz
421 491 609 553 enimedvusnm
632 496 667 537 est
685 489 770 536 statim
788 490 819 536 in

132 561 245 615 auctores,
263 555 396 618 scriptaque
414 555 511 616 aboliti,
529 555 639 618 quamuis
655 554 819 615 probarentur

133 626 187 664 ante
197 617 289 682 aliquot
300 634 382 682 eunus,
399 620 469 667 etiem
485 621 599 682 Augusto
616 618 734 677 audiente,
751 620 816 666 reei-

133 690 189 729 tete.
223 683 383 744 Quibusdam,
395 683 507 733 custodie
517 684 670 744 traditiunon
678 681 752 729 modo
759 690 816 730 stu·

133 746 204 794 dendi
219 747 330 796 solatium
351 749 481 810 demtum,
497 749 538 796 sed
559 750 631 796 etiam
650 748 765 795 sermonis
783 756 813 795 et

133 811 246 875 colloquii
256 828 324 862 usuu
355 813 428 862 Citati
439 814 470 861 ad
481 827 577 862 cansam
587 812 710 860 dicendam
719 812 815 874 partim

97 880 105 884 “
133 891 159 924 se
185 876 251 924 domi
273 878 460 938 vulneraverunt,
477 879 535 926 certi
554 877 720 937 damnationis,
738 884 763 923 et
777 876 814 924 ad

134 943 281 990 vexationem
303 943 505 1006 ignominiamque
526 941 661 999 vitmdam3
678 939 768 1007 purtim
783 942 813 988 in

134 1006 560 1065 medibcuridvenenumhauserunt3
577 1005 812 1068 ettamemoolligu·

134 1069 166 1116 tis
188 1070 331 1133 milnetibus,
353 1087 380 1120 uc
398 1072 546 1120 semianimes
568 1071 766 1135 palpitantesque,
782 1071 812 1116 in

134 1137 325 1198 carcuemrapti,
358 1134 811 1199 NemopimitorumuonetinGemo-

135 1198 186 1245 nias
205 1199 317 1260 abJectus,
336 1215 443 1263 uncoque
464 1209 569 1258 tractus3
592 1200 678 1262 viginti
699 1213 748 1246 uno
770 1198 812 1246 die

136 1259 234 1324 [abjecti
246 1265 359 1328 tractique
370 1267 447 1329 suut]‚
459 1265 519 1312 inter
529 1281 568 1313 eos
581 1264 677 1312 feminae
692 1272 716 1310 ct
730 1264 809 1324 pueri.

135 1325 273 1376 immanite
289 1329 383 1390 puelle,
400 1330 458 1392 quie
475 1345 539 1378 more
556 1329 643 1377 trudito
660 1327 726 1376 nefus
748 1336 810 1375 esset

135 1391 236 1454 virgines
253 1393 402 1456 sumguari,
419 1394 507 1442 uitiutae
520 1392 736 1456 prinsucmniiice,
753 1392 809 1439 dein

133 1456 291 1519 strangulatu.
324 1458 390 1506 Mori
398 1457 530 1506 volentibus
541 1459 578 1505 vis
588 1457 695 1505 adhibita
705 1456 807 1505 vivendi.
912 1474 913 1483 ¹

135 1519 200 1568 Num
218 1529 317 1570 mortem
336 1523 394 1571 adeo
412 1523 464 1570 leve
479 1523 623 1598 supplicium
639 1522 747 1584 putabat,
761 1530 806 1596 ut,
912 1534 913 1561 1

133 1598 190 1632 cum
211 1585 322 1648 audisset,
343 1602 419 1636 unum
441 1603 454 1634 e
477 1603 530 1649 reis,
548 1586 688 1636 Carnutum
704 1600 807 1647 nomme,

133 1651 273 1714 anticipisse
283 1667 344 1715 eam,
353 1653 526 1714 exclamaverit,
539 1652 558 1680 “
568 1650 694 1700 Camulius
704 1663 743 1697 me
753 1665 807 1697 eua-

133 1713 190 1760 sit.”
222 1716 264 1776 Et,
281 1716 506 1780 inrecognoscendis
517 1715 636 1776 custodiis,
648 1714 807 1777 piecunticui-

133 1777 190 1825 dum
200 1792 275 1841 poenae
290 1783 451 1830 maturitatem
466 1780 594 1844 respondit,
612 1777 758 1826 “Nondum
773 1787 807 1826 te-
912 1784 913 1789 ’

135 1857 191 1890 cum
199 1845 224 1890 in
235 1846 335 1906 gratiam
345 1846 429 1894 redii.”
463 1845 600 1894 Annalibus
615 1844 666 1892 suis
677 1845 714 1891 vir
725 1858 807 1891 cousu-

134 1905 191 1956 lnris
206 1908 312 1971 inseruit,
329 1909 445 1972 frequenti
459 1909 580 1974 quondum
597 1908 713 1970 convivio,
731 1909 769 1955 eui
784 1916 808 1956 et

133 1972 185 2033 ipse
202 1971 302 2035 affixerit,
319 1973 489 2038 interrogatum
505 1990 561 2022 eum
582 1973 661 2022 subito
678 1981 702 2020 et
718 1972 779 2020 clare
792 1989 807 2019 a
912 1980 913 1983 ’

133 2037 239 2100 quodem
258 2053 329 2099 nuno,
346 2039 452 2088 adstante
467 2054 554 2088 mensae
569 2040 630 2086 inter
647 2052 751 2100 copreae,
768 2053 807 2084 eur

135 2101 261 2164 Paeonius,
271 2105 403 2166 majestatis
413 2119 476 2165 reus,
492 2112 542 2152 tam
558 2103 601 2150 diu
618 2103 713 2161 viveret,
729 2102 806 2150 statim

135 2167 231 2227 quidem
247 2167 402 2230 petulantium
423 2169 512 2232 linguae
534 2166 678 2230 objurgisse,
702 2175 807 2214 ceterum
912 2162 913 2169 ¹

132 2239 187 2292 post
200 2247 287 2294 paucos
298 2232 347 2282 dies
363 2235 481 2297 scripsisse
496 2233 596 2292 senatui,
607 2238 635 2278 ut
645 2230 674 2278 de
683 2231 752 2294 poend
762 2231 807 2279 Pe-

133 2296 195 2343 conii
207 2299 383 2360 quamprimum
394 2306 511 2346 stammet.

41 2401 45 2414 i
167 2358 239 2422 (62.)
256 2360 337 2407 Auxit
355 2362 502 2424 intenditque
519 2360 643 2421 sevitiam,
659 2361 807 2408 exacerbabis
912 2352 913 2395 l

131 2422 219 2470 indicio
231 2422 344 2471 demone
354 2424 399 2472 filii
414 2425 451 2473 sui
462 2425 552 2481 Drusi}
571 2438 643 2485 quem
659 2438 715 2470 eum
729 2427 808 2473 morbo

133 2493 157 2532 et
168 2487 346 2548 intemperantiis
356 2488 444 2549 perisse
454 2489 606 2547 existimaret,
622 2495 651 2534 ut
666 2487 761 2534 tandem
770 2505 807 2536 ve·

131 2563 193 2600 -ueno
207 2551 356 2599 interemtum
371 2550 453 2600 fraude
471 2551 567 2601 lsiville
584 2549 666 2601 uxone
683 2559 755 2616 etque
767 2553 807 2602 Se·
