1875 2917
169 47 214 94 ron
326 43 388 109 (v.)
417 43 607 92 ennomus.
643 45 681 92 rs

168 191 215 240 que
231 174 356 222 modicam.
384 172 455 231 Cum,
472 171 570 219 decretis
584 173 631 220 sibi
646 187 662 219 a
677 180 766 220 senatu
784 187 854 220 oms-

169 241 253 292 mentis
264 237 454 301 triumphalibus,
466 236 577 284 leviorem
590 237 712 298 majestati
722 237 855 300 principali
919 254 920 287 t

169 304 265 352 titulum
276 304 430 361 arbitraretur,
443 301 559 362 velletque
567 301 627 362 justi
636 301 757 363 triumphi
769 303 853 362 decus,

167 369 230 418 unde
235 367 370 431 acquireret,
376 365 524 413 Britanniam
528 366 678 426 potissimum
682 365 767 428 elegit,
774 382 854 429 neque

168 441 281 482 tentatam
292 431 336 478 ulli
347 439 400 493 post
411 429 503 476 Divum
513 429 530 475 J
533 430 618 490 ulium,
627 438 650 478 et
661 438 720 477 tune
728 432 853 479 tumulos·
919 448 920 461 ¹

168 507 248 548 antem
265 498 295 545 ob
313 510 360 544 non
377 494 479 542 redditos
496 493 636 555 transfugis.
665 494 725 542 Huc
742 510 805 542 cum
822 497 852 544 ab
919 496 920 545 ζ

168 562 240 613 Ostit
247 561 374 623 navigaret,
383 559 513 606 vehementi
521 558 598 606 Cincio
606 559 644 605 bis
651 573 720 621 pune
727 559 852 608 demersus

168 636 210 689 est,
227 641 299 689 prope
315 624 447 687 Liguriam,
462 625 580 685 juxtaque
594 622 731 671 Stoeehadas
747 625 852 672 insulas.

168 693 256 752 Quare,
268 706 283 738 a
291 688 401 736 nlassffit
410 687 560 736 Gesoriaom
568 702 643 750 usque
651 687 755 750 pedestri
766 690 852 737 itinere

169 756 280 816 confecto,
296 753 350 802 inde
365 753 507 800 transmisit:
526 767 561 810 ae,
573 752 623 798 sine
638 752 690 799 ullo
704 752 795 814 proelio
809 764 852 806 ant

169 821 290 884 sanguine,
302 819 363 866 intra
373 817 525 880 paucissimos
537 816 586 864 dies
596 824 661 878 parte
671 817 759 864 insulse
770 819 799 865 in
810 819 850 867 ‹le-

168 886 280 934 ditionn
291 882 388 945 recepti,
399 889 473 938 sexto,
482 895 554 942 quam
562 879 680 943 profectus
687 889 747 943 erat,
756 897 848 944 mame,

169 951 271 1000 Romam
286 947 362 1007 rediit,
379 943 581 1006 stumphsutque
596 945 703 992 maximo
720 957 848 1010 apparatu.

167 1014 210 1062 Ad
221 1017 289 1076 cujus
303 1009 461 1074 spectaculum
471 1023 599 1057 commeare
609 1009 635 1055 in
644 1009 739 1057 Urbem
749 1026 801 1060 non
812 1028 850 1060 so-

168 1079 220 1127 lum
230 1076 369 1140 presidibus
376 1073 548 1137 provinciarum
555 1074 669 1135 permisit,
678 1089 764 1122 verssm
775 1079 850 1125 etism

170 1141 291 1192 exsulibus
306 1138 463 1203 quibusdam
482 1145 561 1200 atque,
575 1139 636 1186 iuter
648 1137 747 1187 hostilia
759 1143 848 1205 spolia,

169 1206 277 1254 navalem
295 1218 402 1252 eoronam
423 1201 519 1264 fastigio
536 1201 652 1250 Palatina
668 1202 757 1253 domis
775 1208 849 1268 juxta

169 1272 267 1320 oirimm
275 1268 337 1328 fixit,
345 1267 434 1329 sujecti
442 1267 541 1329 etquasi
551 1265 636 1313 domiti
644 1267 848 1333 Ouenniinsigne.

170 1337 271 1388 currum
288 1335 338 1395 ejus
354 1331 485 1380 Messalina
498 1345 559 1378 uxor
578 1340 686 1393 oarpmto
703 1343 789 1383 secuta
805 1345 848 1384 est
919 1380 920 1383 ,

169 1400 248 1450 secuti
259 1405 282 1446 et
288 1395 440 1458 triumphalia
450 1403 584 1444 ornamenta
591 1395 672 1443 eodem
683 1396 847 1462 besso'sdepti,

169 1464 209 1512 sed
223 1462 298 1511 soteri
314 1459 421 1524 pedibus,
436 1467 459 1507 et
474 1460 500 1506 in
512 1459 639 1522 proteum
657 1458 759 1510 Crassus
768 1463 847 1527 Frugi

169 1543 230 1591 aquo
240 1525 367 1589 phalerato,
379 1531 402 1572 et
416 1526 442 1572 in
452 1532 515 1572 veste
528 1523 642 1586 palmati,
653 1524 719 1586 quod
734 1542 794 1574 enm
803 1528 847 1577 iso-

167 1605 247 1642 norem
256 1591 384 1639 iteraverat.

201 1656 212 1719 (
221 1655 271 1719 18.)
282 1655 355 1703 Urbis
365 1668 509 1716 annonaque
516 1667 596 1700 turam
606 1652 773 1702 sollicitissime
784 1671 846 1710 sem.

220 1722 274 1783 egit
307 1719 369 1767 Cum
385 1719 515 1766 AEmiliana
529 1717 670 1779 potinnems
685 1717 804 1781 srdmmt,
820 1722 846 1768 in

168 1736 297 1833 ffibitosio
313 1783 407 1832 duabus
423 1782 531 1830 noctibus
546 1782 647 1831 mansit:
672 1796 707 1843 oo,
722 1783 847 1834 deficiente

169 1849 274 1896 militum
291 1864 318 1896 ao
333 1847 476 1896 familiarum
493 1845 570 1905 urbi,
587 1845 678 1894 auxilio
691 1845 788 1908 plebem
804 1864 846 1911 pu

169 1914 320 1975 magistratus
327 1927 357 1960 ex
365 1913 476 1960 omnibus
483 1911 541 1958 viris
551 1910 701 1968 oonvooavit3
713 1926 750 1973 ae,
756 1915 846 2022 posim

168 1985 222 2026 aute
233 1993 257 2026 se
267 1991 321 2025 oum
331 1975 430 2038 pecuniis
440 1976 511 2035 fiscia
522 1975 553 2022 ud
563 1974 749 2023 subveniendum
782 1987 847 2027 ora.

168 2050 261 2154 itti
273 2049 489 2154 'millii
497 2037 847 2154 misniam

169 2176 235 2231 tates,
248 2170 353 2218 detentus
370 2169 490 2232 quondam
506 2167 582 2215 medio
597 2155 648 2216 ioro
663 2169 769 2230 sturbi,
787 2185 845 2220 eon.

167 2235 279 2297 vitiisque
289 2249 317 2282 ao
327 2233 399 2282 simul
409 2232 564 2296 fragminibus
578 2232 646 2295 panis
660 2232 694 2279 its
707 2233 844 2296 infestatus,

168 2307 196 2346 ut
211 2314 279 2360 agre,
295 2313 338 2346 nee
347 2298 394 2346 nisi
408 2298 506 2358 postioo,
521 2297 617 2344 evadne
626 2296 790 2345 in'Palstium
802 2315 845 2349 ra.

167 2362 245 2421 luerit,
263 2361 323 2408 nihil
337 2374 384 2408 non
398 2376 428 2408 ex
443 2376 473 2411 eo
487 2361 628 2424 excogitavit
642 2360 674 2408 sd
688 2361 843 2426 inrebmsios,

167 2425 238 2470 etiarn
261 2425 287 2470 in
302 2432 404 2486 tempore
423 2423 528 2485 hiberno,
547 2432 698 2474 ammaus.
732 2426 803 2485 Nam
821 2439 846 2476 et

166 2487 347 2548 negotiatoribus
362 2487 498 2536 walacra
507 2489 638 2551 proposuit,
655 2497 765 2552 susoqrto
778 2491 808 2538 in
817 2507 842 2541 se
