1875 2917
289 39 395 116 (viii)
427 51 535 100 orso.
572 53 608 98 io.
737 50 784 97 eei

9 227 10 242 ,
113 177 286 240 sollicitudinis,
306 195 454 243 speransque,
475 189 528 228 unte
545 179 638 230 Vitellii
658 178 786 226 idumeum

115 243 235 306 profligari
245 245 375 306 plurimum
385 259 466 307 poese;
485 247 534 292 sive
543 245 621 306 impar
629 243 734 290 milimm
748 255 785 289 ur-

114 307 174 368 dori,
181 323 287 370 pugnem
297 309 479 372 deposcentium.
496 309 547 358 Nec
556 309 695 375 ulli-pugne
702 307 784 365 sffiiit3

116 373 268 436 substititque
290 373 398 422 Brixelli.
437 375 472 421 Et
491 375 565 422 tribus
583 373 688 436 quidem,
704 386 785 420 verum

115 436 270 486 mediocribus
287 437 382 500 proeliis,
394 439 459 568 apud
469 438 553 501 Alpes,
568 439 674 500 circaque
688 437 785 484 Pincen-

116 501 183 562 tinm,
199 511 223 550 et
237 502 268 549 ad
279 503 390 564 Castoris,
414 504 478 566 quod
491 504 543 550 loco
557 517 642 550 nomen
656 500 702 566 est)
713 503 784 549 vicit:

115 566 244 614 novissimo
254 569 406 630 maximoque
420 568 484 630 apud
498 567 639 615 Bedriacum
654 565 736 613 froude
745 581 785 612 su-

9 627 11 646 ³
115 639 210 690 perotus
221 639 270 690 est3
288 647 350 692 oum,
363 647 403 694 spe
414 632 525 694 colloquii
535 631 604 692 fecti,
614 631 682 694 quasi
690 629 721 677 id
730 645 785 678 eun·

9 691 11 708 '
116 693 229 742 ditionem
241 696 306 757 pacis
316 696 433 745 militibus
447 697 545 756 eductis,
560 706 597 743 ex·
605 695 738 758 improviso,
750 703 785 742 it-

116 773 164 820 que
172 760 197 806 in
206 760 453 822 ipsiconsaiutatione,
465 760 625 823 dimicandum
636 759 724 807 fuisset.
747 760 786 807 Ac

116 823 198 870 stetim
220 824 332 871 moriendi
353 826 468 888 impetum
490 826 566 888 cepit3
593 832 622 871 ut
642 823 721 884 multi,
744 837 787 871 nec

116 886 211 948 irusnu,
229 889 360 950 opinantur,
376 891 452 953 msgis
467 890 564 952 pudore,
582 903 611 935 ne
629 896 695 935 tento
709 902 788 934 ierom

9 953 10 978 ³
115 951 287 1016 hominumque
304 953 408 1015 periculo
425 953 608 1001 dominationem
626 952 673 1000 sibi
690 965 787 999 emerere

9 1015 12 1044 ³
116 1025 277 1077 perseveraret,
289 1032 361 1079 quem
370 1018 527 1080 desperatione
537 1017 595 1078 ulli,
606 1024 648 1064 eut
658 1015 788 1064 diffidentie

117 1081 252 1142 copiarum:
271 1083 359 1144 quippe
367 1082 474 1142 residuis,
485 1082 627 1144 integrisque
635 1081 706 1128 etism
716 1093 797 1141 nunc,¹

116 1159 178 1206 ques
188 1160 268 1192 secum
279 1146 309 1193 ed
324 1145 435 1194 secundos
448 1162 515 1195 casus
526 1145 663 1205 deinum
675 1153 698 1192 et
708 1157 788 1207 super-

117 1209 265 1257 venientibus
274 1210 327 1258 eliis
337 1225 350 1256 e
360 1210 491 1272 Delmatii,
503 1211 679 1272 Pannoniique,
691 1217 714 1257 et
726 1209 788 1256 Μω-

9 1273 12 1284 “
118 1272 169 1320 stez
194 1288 223 1320 ne
241 1275 307 1322 victis
329 1274 425 1336 quidem
446 1275 503 1323 odeo
522 1273 621 1335 efflictis,
639 1283 743 1334 utnon,
763 1275 789 1320 ii

116 1336 232 1385 ultionem
249 1339 392 1401 ignominie,
407 1337 502 1401 quidvis
517 1339 657 1386 discriminis
675 1339 746 1401 ultro,
765 1346 789 1384 et

119 1401 157 1448 vel
168 1403 231 1463 solie,
243 1403 353 1450 subirent.

153 1463 221 1530 (io.)
238 1466 350 1514 Interfuit
359 1467 415 1515 huic
432 1467 494 1515 bello
504 1475 569 1529 peter
583 1481 650 1514 meus
664 1467 789 1514 Suetonius

119 1529 203 1591 Lenis,
215 1531 397 1580 tertiodecimo
411 1531 510 1594 legionis
525 1532 634 1578 tribunus
647 1529 789 1594 angimiiclii-

119 1594 181 1641 vius.
214 1594 241 1642 Is
262 1609 319 1642 mox
340 1595 421 1643 referre
442 1597 520 1643 erebro
541 1595 637 1655 solebat,
661 1594 789 1655 Othonem,

9 1665 12 1692 t
118 1658 192 1706 etiam
199 1660 327 1720 privatum,
336 1673 411 1722 usque
418 1661 477 1708 edeo
482 1659 622 1706 detestatum
628 1659 706 1707 civilio
715 1673 789 1720 urina,

119 1729 156 1782 ut,
168 1731 309 1770 memorante
336 1726 422 1772 nodam
437 1725 497 1771 inter
510 1724 592 1787 epulis
602 1723 631 1771 de
642 1723 717 1772 cassii
727 1723 789 1770 Bru-

119 1787 283 1900 titillo
303 1791 791 1914 intermistum

284 1885 291 1912 i

118 1929 202 1979 posset
220 1923 277 1964 tunc
288 1917 500 1980 addespiciendum
510 1919 583 1964 vitem
597 1916 705 1979 exemplo
715 1917 791 1964 meni-

119 1981 211 2043 puliris
222 1981 305 2029 militis
315 1985 464 2044 concitatum,
477 1983 528 2044 qui,
540 1997 594 2029 cum
605 1981 694 2028 cladem
704 1981 791 2028 exerci-

120 2047 159 2094 tis
174 2046 298 2106 nuntiaret,
310 2061 352 2094 nec
368 2048 480 2110 cuiquem
494 2046 564 2093 fidem
580 2045 672 2104 feceret,
688 2061 715 2093 ec
728 2058 792 2092 nunc

121 2109 246 2171 mendacii,
257 2123 320 2157 nunc
334 2111 432 2172 timoris,
445 2112 513 2173 qussi
529 2111 628 2172 iiigisset
642 2125 671 2156 ex
686 2111 743 2170 ecie,
754 2123 792 2156 er-

121 2182 238 2236 gueretur,
252 2174 331 2237 gladio
347 2183 400 2222 ente
415 2176 485 2237 pedes
500 2177 551 2237 eJus
565 2174 703 2221 incubuerit.
737 2173 792 2222 Hoc

121 2239 181 2299 viso,
192 2239 347 2300 proclamisee
357 2255 412 2286 eum
423 2241 509 2300 ciebit,
521 2240 539 2268 ‘⁶
551 2239 607 2285 Non
618 2239 720 2302 implius
731 2253 756 2286 ee
767 2239 792 2284 in

121 2303 253 2366 periculum
264 2303 321 2352 tnlee
332 2311 427 2366 temque
434 2306 493 2352 bene
498 2304 597 2351 meritos
606 2302 792 2364 oonJectumm.”

123 2367 228 2414 Fratrem
244 2367 324 2431 igitur,
340 2368 464 2431 fratrisque
478 2366 563 2428 filium,
574 2375 598 2414 et
613 2366 718 2431 singulos
733 2367 792 2413 emi-

123 2445 204 2496 ccrum
214 2432 354 2492 cohortatus,
364 2440 392 2479 ut
402 2433 448 2480 sibi
459 2433 560 2495 quisque
567 2446 610 2494 pro
620 2431 731 2478 facultate
738 2445 793 2478 coii-

122 2495 215 2556 suleret,
231 2498 261 2544 sb
276 2497 387 2560 amplexu
404 2505 427 2543 et
442 2497 522 2544 oeciilo
538 2511 581 2544 suo
594 2496 792 2550 dimisit.omnes;
848 2504 860 2534 i

122 2569 254 2623 secretoque
264 2571 339 2624 cepto,
349 2563 416 2609 binos
428 2561 546 2609 codicillos
557 2561 668 2621 exerevit,
686 2559 716 2607 od
732 2573 796 2607 emo·
