1875 2917
246 57 328 125 (nn)
359 56 561 109 vrnnnnme
596 60 634 117 ιτ.
729 50 781 109 eoa

101 186 223 237 abscede
248 188 304 251 Sed,
314 189 458 253 quibusdem
467 187 660 249 aetlamantrbue,
673 187 779 251 “Ipsum

102 266 155 300 esse
165 252 346 315 Gonoordiam,”
356 254 439 304 rediit:
457 268 499 302 nec
507 254 584 302 solum
593 254 690 301 retinere
698 266 723 301 se
733 253 779 300 ten

102 332 159 364 rum
169 317 302 381 affirmavit,
313 331 395 367 verum
405 317 618 368 etiamConoordiae
630 318 730 381 recipere
740 332 779 366 oo-

104 395 346 511 Ἢῦιιωίηιιο
352 447 451 509 sensuri,
456 445 776 511 utlagatoseumvirginibus

104 508 244 559 Vestalibus
259 513 385 573 mitterent,
398 526 489 574 paoern,
506 520 547 560 eut
565 518 624 559 certe
638 518 731 573 tempus
747 510 778 559 ad

20 621 21 632 ,
104 576 295 636 mulundmn,
317 578 438 640 petituros.
472 576 588 624 Postridie
608 590 717 639 responsa
735 590 778 639 op-

20 638 21 648 *
102 640 204 702 potienti
225 642 360 689 nuntiatum
378 648 413 689 est
429 656 471 705 per
488 641 664 704 exploratum,
687 640 778 688 hostem

104 706 300 769 appropinquare.
317 705 436 755 Continuo
442 706 647 769 tgimr,absuusus
654 703 779 767 garumna

20 801 21 804 =
105 768 335 829 sellbdnobnesolis
342 770 475 831 eomitibns,
484 771 570 833 pistore
576 778 600 817 et
607 782 689 831 eoquo,
697 769 779 816 Aren·

105 832 184 879 tinum
200 841 224 881 et
237 842 358 896 paternam
372 833 470 882 domum
484 834 546 882 elam
559 834 635 896 petiit,
645 841 674 880 nt
688 832 742 879 inde
753 832 778 879 in

106 895 263 959 campaniam
273 897 371 961 fugeret
401 898 473 959 Mox,
484 898 531 947 levi
543 912 634 945 rumore
648 904 671 943 et
681 896 776 957 inserto,

105 966 230 1023 tamquam
245 977 296 1025 pax
312 964 436 1025 impetrata
450 970 517 1023 esset,
534 961 611 1009 referri
626 976 650 1008 se
666 961 691 1007 in
707 960 779 1007 Pale·

106 1024 170 1071 tium
179 1027 264 1088 pessus
273 1034 322 1075 est:
343 1026 386 1074 ubi
396 1040 451 1074 eum
460 1026 551 1075 deserta
561 1025 639 1073 omnia
649 1026 777 1087 reperisset,

20 1077 22 1132 ῗ
106 1087 779 1154 dilabendbusequuieimuluantzondseaureorum

106 1152 178 1215 pleno
196 1154 360 1213 circumdedit3
383 1154 535 1217 eonfugitque
550 1154 575 1201 in
592 1152 701 1201 cellulam
716 1154 780 1216 jani.

107 1217 173 1278 toris,
188 1217 286 1281 religato
300 1234 344 1282 pro
357 1219 447 1267 foribus
461 1232 526 1281 eane,
537 1218 642 1282 lectoque
657 1226 680 1265 et
694 1216 780 1266 culeitd

20 1272 23 1328 ζ’
108 1281 215 1344 objectis.

141 1344 212 1410 (17.)
228 1346 363 1409 Irruperant
377 1346 428 1409 jam
442 1346 543 1409 agminis
559 1354 724 1404 antecessorem
743 1361 778 1406 ac,

107 1410 201 1457 nemine
210 1412 289 1472 obvio,
299 1412 444 1459 rimabantru
454 1410 494 1475 (ut
508 1410 546 1477 fit)
557 1410 656 1473 singula
689 1411 732 1457 Ab
742 1410 780 1459 his

19 1464 22 1493 ²
107 1482 226 1523 exbaeam
244 1490 258 1521 e
275 1475 372 1536 latebri,
391 1475 540 1536 sciscitantes,
558 1475 613 1537 quis
629 1482 695 1535 esset,
713 1472 780 1585 Suam

132 1602 194 1651 urite
218 1602 300 1651 deinde
317 1604 420 1666 agnitus,
436 1618 516 1666 rogare
533 1618 580 1651 non
598 1602 693 1663 destitit,
712 1603 781 1664 quasi

109 1666 219 1728 quedam
229 1665 259 1714 de
271 1667 346 1715 salute
356 1666 497 1729 Vespasiani
511 1668 623 1727 dicturus,
635 1675 662 1714 ut
678 1666 781 1714 eusmdi-

20 1786 23 1796 .
109 1740 174 1778 retur
186 1732 279 1779 interim
292 1731 330 1780 vel
346 1732 372 1778 in
389 1746 492 1789 osroene3
510 1730 709 1793 donee'rdigatis
725 1738 781 1793 post

109 1802 175 1858 terga
189 1797 307 1854 manibus,
323 1796 409 1858 injecto
423 1796 551 1843 eervidbus
565 1795 658 1859 laqneo,
670 1802 732 1843 veste
744 1794 782 1841 di-

20 1854 22 1880 *
110 1860 191 1921 seimd,
203 1860 340 1908 seminudus
350 1861 375 1906 in
386 1859 464 1907 forum
475 1868 560 1908 uectus
571 1868 613 1921 est,
625 1860 685 1906 inter
694 1873 782 1921 magna

109 1938 187 1971 rerum
198 1927 366 1987 verborumque
374 1924 486 1985 ludibria,
500 1939 542 1987 per
551 1932 627 1972 totum
637 1923 691 1972 vio
705 1923 782 1971 Seerae

110 1988 223 2051 metium,
233 1988 328 2036 reducto
338 1988 405 2036 nomi
415 1988 499 2049 eapite,
515 2002 556 2037 eeu
569 1988 636 2035 noxii
651 1986 733 2047 solent,
746 1995 782 2034 at-

110 2066 158 2114 que
167 2054 239 2101 etiam
248 2061 328 2100 mento
337 2066 446 2101 mucrone
458 2052 533 2115 gladii
543 2054 656 2113 subrecto,
668 2059 696 2099 ut
705 2051 783 2099 visen-

20 2111 23 2137 ³
110 2116 167 2163 dam
177 2118 288 2180 preberet
297 2117 389 2177 faeiem
398 2131 456 2163 neve
466 2117 626 2174 submitteret3
639 2116 783 2179 quibusdam

110 2188 208 2229 stercore
218 2190 242 2229 et
249 2196 313 2229 eoeno
320 2180 496 2241 inserentibus,
508 2180 560 2229 aliis
572 2181 590 2209 “
597 2178 783 2228 incendiarium”

111 2252 135 2291 et
147 2246 165 2274 ‘⁴
175 2246 335 2308 patinarium”
347 2245 542 2303 vociferantibus3
560 2252 625 2307 parte
635 2243 702 2305 vulgi
713 2244 784 2293 etiam

110 2310 212 2373 eorporis
222 2310 280 2358 vitia
290 2310 450 2372 exprobrante,
474 2316 522 2355 erat
535 2310 598 2355 euim
610 2310 635 2356 in
646 2322 673 2355 eo
684 2306 785 2355 enormis

110 2376 243 2435 prooerltas,
259 2373 330 2421 feries
346 2373 432 2421 rubida
473 2386 585 2436 eruntque
603 2388 634 2419 ex
649 2370 785 2430 molendo,

111 2445 191 2485 venter
211 2440 303 2499 obesus,
320 2438 420 2485 alterum
449 2452 516 2484 emur
531 2436 662 2494 subdebile,
680 2434 786 2498 impulsu

111 2501 171 2549 olim
187 2503 314 2565 quadriga,
330 2517 386 2551 cum
401 2502 519 2564 auriganti
532 2501 591 2549 Gaio
607 2500 788 2547 ministratorem

111 2564 242 2630 exhiberet)
260 2566 363 2628 tandem,
382 2565 448 2629 apud
464 2564 600 2626 Gemonias,
619 2560 784 2612 minutissimis

189 1538 269 1603 baeu)
280 1548 304 1587 et
313 1541 358 1587 nbi
371 1554 419 1586 esse
429 1538 556 1587 Vitellium
571 1539 645 1597 sciret,
659 1552 713 1586 men
730 1540 781 1587 acio
859 1564 863 1572 ·
