1875 2917
288 50 365 117 (vi.)
398 51 505 100 unito.
539 53 579 99 ni.
718 51 765 130 eii

92 195 192 244 vereque
211 180 355 243 magniiioos,
373 180 416 242 qui
431 182 580 228 abuterentur
595 193 623 227 aa
641 174 768 242 perduruit.

93 245 220 294 Laudabat
237 247 412 306 mirabaturque
432 244 576 292 avunculum
594 243 680 292 Caium
701 245 768 293 nullo

95 311 173 371 magis
188 311 290 370 nomine,
303 325 376 372 quain
390 308 453 373 quod
469 311 582 372 ingentes,
594 324 609 355 a
621 308 716 356 TiberIo
732 323 768 357 re·

92 374 170 436 lictae
182 390 237 438 opas
248 376 273 421 in
283 375 348 422 brevi
359 375 434 436 spatio
448 373 597 436 prodegisset.
631 373 711 432 Quare
725 389 768 422 nec

93 438 210 500 largiendi
222 454 265 486 neo
280 438 419 488 absumendi
432 437 531 486 modum
546 439 628 486 tenuit.
661 437 692 485 ln
704 438 768 486 Tiri.

94 502 174 550 dotem
186 503 262 569 (quod
274 505 315 551 vix
326 503 434 550 credibile
442 501 559 567 viriumr)
567 504 689 565 octingena
699 518 769 550 num.

94 569 163 616 mum
173 569 251 616 millia
261 568 346 617 diuma
356 569 474 630 erogavitg
491 568 632 631 abeuntique
642 581 711 630 super
721 583 768 616 ses-

94 634 191 680 tertium
205 633 291 680 millies
305 631 411 680 oontulit.
444 632 592 679 Meriaornton
608 631 768 694 nithardum,

94 706 120 745 et
137 697 261 760 Spiculum
278 695 451 758 mirmillonum,
470 696 649 763 triumphalium
667 696 769 744 virorum

94 762 244 824 patrimoniis
271 761 406 823 sedibusque
433 761 536 808 donavit.
579 760 770 823 Ceroopithooum

96 827 237 886 Panerotem
261 824 452 889 [tenuiorem]
475 833 498 871 et
518 826 614 871 urbanis
632 825 771 888 rusticisque

96 891 192 954 prmdiis
211 890 386 954 locupletatum,
408 903 481 953 prope
499 890 563 952 regio
581 889 666 936 extulit
683 888 769 938 limera.

98 955 200 1002 Nullam
211 963 297 1002 vestem
307 955 344 1002 bis
354 953 438 1000 induit.
469 952 644 1016 Quadringenis
658 954 684 999 in
697 968 771 1015 puno-

97 1029 152 1067 tum
163 1020 271 1067 sosteniia
281 1019 355 1066 aleam
365 1018 430 1065 lusit
463 1017 571 1065 Pisoatus
582 1026 617 1065 est
626 1026 674 1064 rete
682 1027 772 1081 aurato,

98 1084 203 1196 ii
214 1083 422 1194 niis-fii
450 1146 773 1195 „ium

100 1161 378 1324 hngetqtffimellpiusffi
386 1161 539 1322 gmuuqipmbm,
549 1161 700 1259 ’armilliltlnet
713 1213 773 1275 plia-

134 1293 150 1324 a
185 1291 240 1324 oum
281 1291 377 1323 aeacum
507 1291 537 1322 ue
546 1289 673 1323 cursorum.

134 1339 204 1405 (31.)
220 1341 312 1388 Nouin
324 1339 371 1387 alia
384 1355 408 1386 re
423 1283 654 1400 temlelldnmnosior,
666 1355 738 1402 quam
749 1341 775 1388 iu

102 1405 246 1454 indificando.
278 1404 385 1452 Domum
407 1419 422 1450 a
444 1404 538 1451 Palatio
558 1404 679 1466 Esquilias
700 1421 717 1452 u
745 1421 775 1453 ue

103 1470 166 1529 facit,
179 1470 339 1533 quamprimo
354 1470 372 1497 ‘⁶
384 1467 580 1528 Transitoriam‚”
591 1483 657 1529 mox,
669 1421 775 1518 iuoenslio

102 1537 245 1594 absumtam7
262 1533 446 1596 restitutamque,
466 1535 485 1562 ‘⁶
495 1533 618 1581 Auream
637 1535 774 1582 nominavit.

103 1599 143 1646 De
154 1601 222 1661 ouJus
234 1599 309 1662 spatio
319 1606 389 1660 atque
400 1597 465 1645 cultu
475 1596 591 1644 suffeoerit
600 1596 650 1645 hiet
664 1599 776 1647 retulisse.

103 1662 259 1712 Vestibulum
266 1665 317 1725 ejus
325 1662 468 1724 fuitinquo
475 1662 585 1710 colossus
593 1670 686 1708 eentum
694 1663 777 1725 viginti
810 1685 814 1694 ·

104 1727 193 1792 pedum
204 1735 274 1774 staret
281 1727 355 1790 ipsius
363 1725 453 1789 effigie3
466 1734 532 1772 tanta
538 1725 633 1786 laxitas,
642 1734 668 1773 ut
675 1728 777 1790 porticus

104 1791 207 1856 triplices
217 1790 337 1838 milliarino
347 1790 455 1847 haberet;
472 1791 529 1837 item
539 1797 649 1854 stagnum
658 1792 730 1838 maris
741 1792 778 1839 in.

104 1865 161 1916 star,
180 1856 359 1920 circumseptum
377 1854 481 1906 adificiis
500 1854 531 1901 ad
548 1855 644 1902 urbium
661 1855 776 1918 speciem

105 1935 161 1968 rura
171 1921 273 1982 uisuper,
285 1921 346 1967 arvis
357 1927 427 1981 atque
435 1919 527 1979 mantis,
536 1920 658 1983 etpasouis
666 1919 778 1982 silvisque

105 1983 779 2110 liwiffifflssiifflffliimi

106 2121 192 2226 itit
203 2111 782 2240 tfflottffiqttittfflinffi

108 2242 184 2301 flores,
195 2241 313 2302 fistulatis,
325 2249 352 2287 ut
362 2249 490 2303 unguenta,
502 2240 599 2304 desuper
613 2249 780 2304 spargerentur.

108 2307 231 2370 Praeoipun
241 2306 396 2353 ooenntionum
403 2305 511 2364 rotunda,
520 2320 574 2366 quae
581 2314 691 2368 perpetuo
698 2305 782 2353 diebus

108 2385 137 2418 ac
152 2372 267 2429 noctibus,
284 2370 334 2417 vioe
350 2369 442 2429 mundi,
458 2370 664 2432 circumageremr:
683 2369 781 2416 balineae

108 2435 206 2482 marinis
217 2443 239 2481 et
247 2433 344 2481 Albulis
352 2433 448 2481 fluentes
454 2435 530 2495 aquis.
553 2433 678 2494 Ejusmodi
686 2433 783 2480 domum

109 2513 167 2547 oiim
178 2499 309 2546 absolutam
319 2497 442 2558 dedimret,
450 2498 562 2545 hactenru
572 2511 624 2544 oom
640 2498 739 2558 robavit,
746 2505 783 2558 ut,

109 2561 498 2625 ee,uioeiet,“quasibominem‚
512 2560 607 2608 tandem
651 2562 725 2610 bitere
739 2575 783 2608 ooe-
