1875 2917
323 27 403 96 (m.)
435 29 543 81 unito.
578 31 619 80 rs
753 33 805 86 ou

131 173 229 219 sunum,
240 157 384 222 quibusdem
394 160 465 208 etism
475 159 572 221 itastis,
581 159 668 222 jussit3
685 167 709 208 et
718 159 805 222 Olym.

131 224 178 288 pise
189 237 290 287 quoque,
301 233 383 288 prester
393 223 591 284 cometudinenr,
602 223 721 272 musicum
728 239 806 287 sgous

131 289 256 335 commisit.
287 288 335 350 Ac,
346 303 375 336 ne
386 288 445 352 quid
459 289 521 336 circs
534 287 585 336 hese
598 297 738 351 occupatum
749 303 804 341 svo.

37 388 41 397 .
130 360 192 399 curet
211 351 357 413 detineretve,
377 367 432 401 cum
450 351 573 416 pmmtit
590 355 642 414 ejus
659 354 751 402 urbicus
768 369 804 402 res

130 431 196 479 egere
217 432 231 464 s
253 416 335 465 liberto
355 417 427 465 Helio
445 417 613 476 admoneremur,
632 417 749 479 rescripsit
766 417 804 466 his

130 481 215 541 verbis,
233 482 250 509 ‘⁴
261 480 379 540 Quemvis
389 495 451 529 nunc
462 489 531 528 tirum
541 481 666 528 eonsilium
680 483 711 528 sit
723 490 747 529 et
761 498 802 530 vo-

129 553 191 606 tnm,
207 544 308 592 celeriter
322 546 404 593 reverti
418 561 470 602 me;
489 554 567 592 temen
581 545 676 593 suadere
689 555 714 592 et
723 555 803 609 optsre

127 610 208 672 potius
219 608 296 670 debes,
307 618 336 657 ut
343 610 435 658 Nerone
445 609 532 672 dignus
539 610 665 657 revertsr.”
687 609 801 660 Csntsnte

126 689 163 732 eo,
175 689 204 722 ne
215 674 342 722 necesssriit
349 674 445 736 quidem
452 673 524 722 esuris
534 673 642 722 excedere
652 673 741 723 thesuo
750 676 801 723 lici.

127 745 181 786 tum
195 746 250 785 erst.
283 737 369 802 Itsque
382 747 406 786 et
419 739 495 786 enixos
505 737 614 801 quisdam
625 739 650 784 in
770 741 801 790 lis

126 802 252 860 dicuntum
275 811 298 850 st
316 802 394 863 multi,
415 803 485 850 mdio
505 801 615 850 audiendi
633 802 674 850 lsn
738 805 799 869 'que

126 867 214 916 clausis
229 867 368 930 oppidorum
384 867 464 930 portis,
480 874 523 914 sut
537 866 620 914 furflm
635 866 756 916 desiluisse
770 870 800 918 de
828 883 832 892 ’

125 946 203 992 muro,
216 940 257 980 sut
271 940 344 980 morte
359 931 470 980 simulsti
480 931 560 978 funem
569 930 632 978 eloti.
665 930 746 990 Quum
757 949 799 981 su.

125 1004 173 1043 tem
188 995 275 1060 trepide
289 997 404 1058 anxieque
419 996 545 1057 certsverit,
557 995 646 1059 quenti
660 995 799 1046 advesario-

124 1075 179 1107 mm
190 1059 345 1118 emulatione,
357 1074 406 1122 quo
416 1067 481 1108 metu
494 1059 611 1122 judicum,
623 1060 664 1108 vix
680 1061 742 1108 credi
756 1077 798 1123 po·

122 1133 177 1173 test.
204 1125 365 1185 Adserssrios,
377 1125 446 1187 qussi
456 1123 525 1186 plene
536 1123 673 1172 conditionis
683 1125 796 1186 ejusdem,

123 1191 254 1248 observare,
272 1196 371 1252 capture,
389 1187 502 1236 infumare
518 1195 611 1249 secreto,
628 1203 796 1252 nonnunquam

123 1252 723 1315 exoccursumeledictisincesserescsiquisrte
737 1269 796 1316 pso.

123 1317 239 1377 cellerent,
247 1331 391 1380 cormmpere
399 1318 469 1365 etism
478 1316 574 1364 solebat.
601 1318 620 1366 J
621 1317 700 1365 udices
707 1327 795 1378 sutem,

124 1383 278 1496 iiiiii}
288 1381 795 1498 siitumiiiiqffl

121 1511 304 1560 eorumne:
316 1509 378 1571 illos,
390 1518 417 1560 ut
427 1510 541 1573 sepientes
551 1517 574 1558 et
584 1509 740 1570 doctosviros,
749 1511 795 1560 ior.

116 1577 184 1622 ‘tuits
194 1574 275 1622 debere
285 1573 405 1622 excludere
413 1574 439 1622 =”
456 1582 535 1636 etque,
546 1581 575 1620 ut
588 1574 689 1634 sudmot,
701 1575 794 1624 hortun.

119 1641 194 1698 tibus,
207 1639 307 1702 nequiore
320 1639 399 1686 animo
412 1638 546 1695 recedebst3
564 1651 600 1698 sc,
610 1652 640 1685 ne
654 1640 793 1700 sicquidem

120 1704 171 1751 sine
189 1703 351 1764 sollicitudine,
368 1703 547 1750 taciturnitatem
563 1701 721 1765 pudoremque
734 1719 793 1766 quo-

118 1768 229 1816 rumdem
239 1783 282 1830 pro
292 1766 387 1816 tristitia
394 1774 417 1816 et
426 1766 573 1828 malignitate
582 1780 688 1829 urguens,
699 1783 794 1831 suspec-

119 1841 202 1896 tosque
212 1833 259 1880 sibi
268 1832 353 1880 dicens.

152 1895 223 1962 (24.)
243 1895 272 1944 ln
290 1897 397 1945 certando
414 1911 476 1958 vero,
493 1897 528 1944 its
542 1896 590 1958 legi
606 1896 735 1958 obediebat,
755 1907 790 1957 ut,

118 1975 168 2009 nun
186 1976 243 2009 uum
257 1976 372 2009 exscreare
387 1976 466 2024 susus,
482 1961 589 2009 sudorem
600 1976 695 2025 quoque
709 1961 791 2010 frontis

117 1977 212 2074 bmelio
223 2025 362 2088 detergeret:
380 2033 450 2090 etque
464 2027 543 2085 edum,
554 2026 580 2072 in
589 2026 677 2088 tragico
687 2025 790 2088 quodem

116 2098 179 2150 sets,
187 2103 241 2138 cum
249 2090 355 2154 elapsum
361 2089 473 2138 bsculum
479 2090 526 2137 cito
532 2091 683 2151 resumsisset,
690 2090 791 2153 pssidus

115 2163 140 2203 et
154 2162 268 2215 metuens,
277 2169 306 2202 ne
314 2155 345 2201 ob
352 2154 464 2202 delictum
473 2155 597 2202 certamine
608 2155 790 2215 submoveretur,

117 2233 164 2268 non
172 2219 239 2266 sliter
246 2218 395 2267 confirmatus
402 2226 444 2280 est,
452 2232 525 2282 quum
531 2217 652 2279 sdjursnte
659 2217 789 2281 hypocrita,

117 2290 164 2331 non
175 2283 363 2331 snimsdversum
373 2283 398 2330 id
413 2283 473 2330 inter
486 2281 651 2330 exsultetiones
662 2283 789 2330 succlama-

116 2349 238 2411 tionesque
248 2347 339 2411 populi.
372 2345 493 2394 Victorem
502 2354 581 2393 sutem
591 2362 616 2394 se
625 2347 675 2408 ipse
687 2361 789 2409 pronun.

117 2413 208 2470 tisbst3
226 2413 274 2476 qud
289 2412 318 2460 de
329 2411 399 2459 cousi
409 2419 432 2458 et
443 2411 558 2474 preconio
567 2411 656 2472 ubique
666 2411 789 2460 contendit

115 2477 165 2536 Ac,
185 2491 214 2524 ne
235 2479 303 2539 cuius
320 2476 414 2524 alterius
433 2475 602 2523 hieronicsnrm
618 2475 730 2522 memoris
748 2484 789 2523 sut

115 2541 243 2605 vestigium
254 2549 354 2591 exstaret
368 2555 478 2603 usquam,
490 2540 601 2599 subverti,
612 2548 636 2586 et
645 2553 706 2586 unm
720 2539 788 2598 truisi,
