1875 2917
277 53 368 117 (vu.)
401 53 530 103 ennon.
565 56 601 102 rc.
727 51 774 100 on

106 182 238 244 arrogandi
248 181 397 245 succeditque
404 182 570 240 intolerabilis3
581 182 680 230 libertus
686 179 775 240 Icelus,

104 246 180 308 paulo
190 255 242 294 ente
250 247 342 294 annulis
352 247 428 294 eureis
437 255 461 294 et
468 247 585 294 Marciani
595 246 730 310 cognomine
738 258 776 292 or·

8 311 9 314 ’
104 319 186 369 natus,
196 326 222 358 ec
231 313 281 372 jam
290 309 412 376 [summa]
421 311 532 373 equesnis
538 311 623 373 gradis
628 308 774 358 candidatos.

105 375 164 434 His,
175 374 264 423 diverso
274 376 384 423 vitiorum
398 390 480 438 genere
493 377 659 436 grassantibus,
676 372 734 420 edeo
749 387 776 420 se

105 439 250 487 abutendum
261 441 366 502 permisit
376 449 399 486 et
406 439 509 498 tradidit,
518 448 546 486 ut
554 441 595 488 vix
605 440 652 487 sibi
661 440 711 500 ipse
719 451 775 484 con·

8 489 9 510 ³
104 511 191 561 stenen
203 503 274 551 modo
284 505 385 552 acerbior
392 505 534 566 penciorque,
543 503 613 551 modo
622 502 737 550 nernission
746 516 776 548 oc

103 567 266 630 negligentior,
278 583 351 630 quarn
360 569 490 616 conveniret
499 569 603 630 Principi
612 567 692 628 electo,
703 574 775 628 etque

105 632 168 680 illud
185 633 267 680 aetstis.
299 631 423 690 Quosdam
441 632 515 680 claros
529 649 561 680 ex
577 640 675 694 unoque
694 630 776 677 ordine

105 698 177 757 snos,
197 697 327 758 suspicione
345 697 451 756 minimis,
471 697 588 744 ineuditos
606 695 776 744 condemnavit.

8 749 9 776 ³
105 761 234 819 Civitatem
245 761 440 808 Romanamreno
450 760 530 818 dedit;
545 764 600 824 jura
609 762 680 807 trium
690 759 776 806 libero-

104 826 210 872 rumvix
221 825 263 871 uni
273 833 343 887 atque
353 824 433 882 elteni;
451 839 478 872 ec
488 824 676 888 nehisquidem,
688 823 776 870 nisiad

105 897 197 936 certum
207 889 394 951 praefinitumque
404 897 505 952 tempus.
536 889 671 948 Jndicibus,
683 895 773 934 sextam

106 953 226 1012 decmiern
237 953 308 1015 edjici
317 954 473 1015 precantibus,
484 967 531 1001 non
541 953 613 1000 modo
621 953 722 1014 negavit,
735 950 775 999 sed

8 1007 10 1034 ³
104 1019 178 1065 etiem
195 1032 328 1065 concessum
344 1033 359 1064 a
374 1018 475 1066 Cleudio
493 1017 638 1077 beneficium,
655 1031 684 1063 ne
699 1015 775 1062 bierne

8 1091 9 1100 ¹
106 1083 220 1144 irritioque
230 1083 286 1130 anni
296 1081 489 1144 adjudicandum
499 1090 654 1141 evocarentur,
664 1081 757 1142 eripuit

140 1144 209 1209 (lb.)
226 1146 413 1194 Existimabatur
423 1148 493 1194 etium
504 1147 616 1194 matoria
627 1153 651 1192 et
660 1144 776 1208 oquesnie

107 1210 184 1259 officie
200 1211 288 1257 biennii
304 1211 379 1272 spatio
395 1211 596 1270 determinaturus,
612 1224 656 1257 nce
669 1209 776 1269 munus,

106 1275 244 1332 nisiinvitis
257 1290 283 1322 ec
297 1276 462 1322 recusantibus.
495 1275 656 1326 Liberalitates
666 1274 774 1332 Neronis,

107 1354 154 1387 non
165 1339 219 1401 plus
227 1339 322 1386 decimis
331 1341 449 1400 concessis,
458 1355 500 1401 per
509 1339 680 1402 quinquaginta
687 1338 777 1412 equuteo

108 1404 228 1452 Romanos
239 1403 267 1451 ei
282 1401 411 1451 conditione
424 1403 562 1452 revocandas
579 1403 668 1450 curant
681 1416 776 1462 exigen-

107 1467 204 1530 desque,
216 1475 244 1514 ut
256 1475 287 1529 et,
305 1468 325 1514 si
340 1467 399 1530 quid
413 1469 498 1516 scenici
507 1476 549 1516 eut
564 1468 649 1530 xystici
663 1466 778 1524 donatum

108 1533 167 1580 olim
178 1532 340 1592 vendidissent,
350 1531 476 1580 auferretur
486 1532 622 1593 custoribus,
629 1531 723 1594 quando
730 1530 775 1589 illi,

8 1593 9 1618 ³
109 1597 219 1644 ebsumto
228 1596 309 1658 pretio,
321 1596 408 1653 solvere
417 1599 545 1659 nequirent
562 1596 607 1655 At,
618 1604 704 1655 cenna,
715 1594 776 1640 nibil

107 1674 156 1708 non
166 1675 207 1722 per
216 1659 311 1708 comites
321 1668 391 1723 atque
400 1660 496 1715 libertos
505 1661 578 1723 pretio
588 1660 672 1719 addici,
684 1667 725 1706 aut
735 1657 777 1704 do-

8 1723 9 1748 *
38 1745 41 1748 ·
107 1725 159 1772 neri
170 1723 245 1786 matii
255 1732 389 1786 pessusest,
402 1725 531 1788 vectigalia,
546 1725 712 1783 immunitates,
727 1737 776 1784 poe·

8 1801 9 1814 ¹
107 1804 151 1836 nes
159 1789 325 1849 innocentium,
331 1789 482 1852 impunitates
489 1789 618 1837 noxiorum
630 1787 776 1847 Quinetiam,

108 1853 198 1916 populo
215 1853 324 1900 Romano
343 1851 477 1915 deposcente
495 1853 637 1915 supplicium
653 1852 736 1898 Haloti
754 1859 778 1897 et

8 1917 10 1942 l
109 1917 231 1978 Tigellini,
247 1916 308 1966 solos
323 1933 353 1965 ex
369 1919 479 1965 omnibus
488 1918 589 1975 Neronis
603 1917 727 1964 emissenus
740 1915 778 1964 vel

107 1981 330 2029 meleficentissimos
345 1981 473 2030 incolumes
487 1982 608 2044 prostititc
626 1989 697 2043 atque
710 1981 777 2027 insu·

107 2061 149 2108 per
160 2045 276 2093 Halotum
286 2047 444 2108 procuratione
454 2045 600 2109 amplissimi
610 2046 706 2115 ornavit
731 2045 778 2091 Pro

71 2133 80 2148 v
109 2109 230 2172 Tigellino
240 2110 311 2158 etiem
321 2111 416 2159 saevitiae
426 2111 541 2174 populum
551 2111 666 2172 increpuit
675 2110 757 2156 edicto.

142 2173 153 2238 (
163 2172 212 2237 16.)
229 2175 274 2222 Pcn
284 2175 334 2223 haec
344 2189 415 2237 prope
423 2175 535 2222 universis
545 2174 665 2222 ordinibus
675 2173 776 2233 offmsis,

109 2237 276 2303 selpraecipud
286 2239 399 2302 flagrabat
408 2239 499 2286 invidiis
507 2238 572 2302 apud
581 2239 675 2286 milites.
703 2237 776 2298 Nem,

8 2353 9 2360 χ
109 2316 164 2350 cum
179 2304 206 2350 in
220 2305 291 2350 verba
306 2307 356 2365 ejus
374 2305 484 2352 absentio.
490 2304 624 2366 jurantibus
641 2303 777 2350 donativum

107 2366 220 2430 grundius
235 2367 303 2416 solito
315 2368 433 2430 prepositi
441 2368 643 2430 *pronuntiissmt
652 2381 727 2429 neque
741 2381 778 2412 ra-

108 2439 159 2478 tem
169 2445 217 2478 nem
227 2431 318 2493 hebuit,
330 2440 353 2478 et
363 2432 462 2492 subinde
470 2433 575 2494 jactavit,
589 2434 607 2458 “
614 2432 688 2494 legere
698 2446 722 2478 se
733 2431 778 2476 mi-

109 2494 184 2556 litari,
202 2509 249 2543 non
265 2511 346 2556 emere,
362 2497 509 2544 consuisse.’‘
541 2496 624 2558 Atque
639 2510 673 2556 eo,
683 2495 778 2557 quidem

109 2559 203 2628 nomine
214 2574 300 2620 omnes,
314 2562 356 2623 qui
367 2561 455 2623 ubique
467 2570 539 2621 erent,
551 2561 702 2622 exacerbavit
726 2559 778 2607 Ce-

630 2637 647 2670 ι’
