1875 2917
155 34 203 80 soa
344 32 423 98 (vr.)
456 34 572 82 neno..
593 34 632 88 57.

158 159 267 272 fduidem
282 160 417 208 histrionem
432 163 535 210 oeeisum
550 163 582 208 ab
595 176 631 221 eo,
647 161 721 222 quasi
737 169 848 222 graveris

191 238 325 271 versarium.

190 285 202 350 (
209 286 260 351 55)
275 289 334 336 Erat
344 289 379 336 illi
391 290 524 337 aetmnitan's
533 297 700 351 perpessaeque
710 287 793 335 smnae
804 303 849 334 ω-

159 351 223 412 pido,
246 352 287 399 aed
306 353 443 401 inoonsulta.
476 354 589 415 Ideoque,
610 353 696 399 multis
718 353 800 400 rebus
818 367 848 398 ae

158 413 215 462 locis
227 424 300 463 vetere
310 418 464 480 appellatione
474 416 585 477 detracti,
596 431 682 464 novam
693 416 803 462 induxit
812 431 845 462 ex

159 493 202 528 tuo
217 481 317 528 nomine.
348 482 457 529 Mensem
469 497 564 544 quoque
573 481 683 542 Aprilem
695 481 845 527 Neroneum

160 543 293 605 appellavit.
310 545 472 593 Destinaverat
481 553 505 592 et
515 546 618 592 Romam
627 544 765 607 Neropolim
778 559 845 591 uuu-

163 621 193 654 cu

163 715 166 720 .
193 622 263 736 Ξῗέ)
270 671 421 734 Religionum
428 688 597 736 usquequaque
604 680 743 732 summutas,
752 681 845 734 pmter

160 736 231 784 unius
244 736 302 784 Dete
314 737 395 799 Syrie,
412 737 473 785 hano
487 753 545 784 mox
560 739 595 784 ita
607 738 706 800 sprevit,
721 746 751 784 ut
768 737 844 784 urna

161 801 341 857 contaminarem
370 801 417 848 slis
438 801 599 864 superstitione
620 810 714 863 naphas,
736 802 767 847 in
790 801 843 862 qus

161 862 211 910 sols
218 865 397 926 pertinacissime
402 865 485 913 huit:
497 864 758 927 siquidemiounculam
769 865 842 926 prael·

161 926 234 975 latem
244 943 307 988 eum,
319 931 386 990 quasi
401 931 530 977 remedium
545 929 691 988 insidiarum,
710 945 726 976 a
740 929 843 991 plebeio

161 991 265 1102 puodsm
282 1001 305 1040 et
322 993 402 1054 ignoto
418 994 509 1040 muneri
527 993 769 1056 moepismsdeteotle
782 1007 841 1040 oon-

172 1055 240 1102 estim
250 1059 414 1118 conjuratione,
431 1073 474 1120 pro
489 1072 583 1106 summo
595 1058 702 1118 numine,
720 1058 842 1119 trinisque

162 1120 187 1170 in
209 1119 246 1166 die
267 1120 392 1180 sacrificiis,
414 1121 487 1168 colere
506 1122 673 1183 perseveravitz
691 1121 841 1183 volebatque

162 1182 224 1230 erodi
233 1185 359 1232 monitione
369 1187 419 1246 ejus
430 1184 511 1232 futura
520 1201 666 1246 prenosoere.
695 1185 765 1232 Ante
776 1200 841 1247 pau-

163 1261 209 1306 cos,
221 1263 293 1310 quam
304 1249 394 1310 periret,
403 1264 500 1309 memes,
508 1249 607 1297 attendit
615 1258 638 1296 et
648 1250 787 1312 extispicio,
796 1264 840 1296 nec

165 1325 198 1358 un
215 1327 270 1358 uam
280 1312 362 1360 litavit.

197 1325 214 1440 ἲ
214 1374 265 1439 57.)
281 1377 350 1425 Obiit
360 1377 460 1424 secundo
466 1386 490 1425 et
499 1377 614 1426 tricesimo
622 1379 696 1426 etatis
706 1393 781 1440 anno,
789 1378 837 1438 die,

165 1454 213 1502 quo
231 1440 349 1502 quondam
370 1441 496 1490 Octaviam
516 1443 674 1490 interemeratz
692 1450 839 1505 tantumque

164 1502 277 1568 gaudium
298 1504 391 1566 publice
409 1506 517 1567 prebuit,
538 1514 567 1552 ut
587 1506 653 1567 plebs
674 1505 764 1568 pileata
787 1507 839 1554 toti

164 1567 376 1618 Urbediseurreret
399 1569 433 1616 Et
443 1576 521 1616 tamen
531 1584 578 1617 non
587 1569 719 1628 defirmmt,
730 1571 784 1631 qui,
796 1585 840 1633 per

164 1633 262 1696 longum
272 1640 371 1696 tempus,
384 1633 458 1682 ventis
466 1634 599 1696 morisque
606 1633 701 1682 floribus
712 1635 837 1682 mmulum

164 1700 216 1760 ejus
234 1704 354 1754 ornarent3
371 1711 398 1744 aa
419 1697 490 1744 modo
510 1697 624 1760 imagines
641 1705 794 1762 pretextatus
811 1699 836 1746 in

166 1761 257 1810 Rostris
275 1759 408 1822 proferrent,
425 1761 496 1808 modo
511 1759 594 1820 edicta,
608 1763 676 1824 quasi
691 1763 803 1823 viventis,
813 1771 838 1810 et

165 1827 230 1873 brevi
251 1838 336 1886 magno
355 1825 503 1872 inimicorum
523 1825 587 1873 malo
603 1826 722 1874 reversuri.
755 1825 837 1884 Quiu-

165 1891 236 1940 ettam
243 1887 380 1949 Vologeses,
390 1887 530 1935 Parthorum
537 1903 587 1950 rex,
598 1891 676 1938 missis
686 1889 717 1936 st
728 1900 836 1939 mamm

165 1953 249 2016 legatis
259 1951 288 1998 de
300 1951 449 1999 instaurandi
466 1953 581 2013 societate,
597 1953 641 2001 hoc
655 1955 726 2002 etiam
736 1969 836 2017 magm-

165 2033 219 2080 pere
229 2017 310 2076 oravit,
319 2024 346 2062 ut
353 2016 452 2063 Neronis
463 2017 574 2064 memoria
582 2017 698 2065 soleretur.
715 2017 834 2082 Denique,

167 2097 229 2140 eum,
244 2087 298 2142 post
312 2080 396 2142 viginti
406 2094 486 2138 annos,
498 2079 639 2128 adolescente
649 2096 696 2142 me,
707 2083 836 2132 exstitisset

166 2145 303 2196 oonditionis
320 2143 418 2205 incerte,
436 2144 479 2207 qui
495 2159 519 2191 se
534 2144 650 2192 Neronem
665 2161 714 2194 ease
728 2148 834 2208 jactaret,

167 2219 217 2257 tam
231 2207 355 2255 favorabile
370 2223 454 2266 nomen
471 2209 522 2269 ejus
541 2209 605 2270 apud
620 2209 719 2258 Parthos
735 2211 793 2272 tuit,
807 2221 835 2262 ut

166 2273 311 2326 vehementer
321 2271 424 2334 adjutus,
436 2280 459 2320 et
469 2273 511 2320 vix
520 2271 624 2323 redditus
634 2274 672 2323 sit.
