1875 2917
381 752 469 791 -4-

99 905 195 955 Marcus
207 906 314 955 Annum
328 906 448 968 Lucanus,
460 907 624 968 Cordubensis,
634 908 716 970 prima
728 909 764 955 in-

98 972 161 1035 genii
178 972 333 1035 experimenta
349 973 374 1019 in
383 972 483 1020 Neronis
496 971 607 1019 laudibus
621 972 685 1019 dedit
695 974 764 1035 quin-

99 1037 209 1099 quennali
228 1037 357 1084 certamine.
389 1035 453 1084 Dein
469 1037 537 1084 civile
554 1036 652 1098 beilum,
671 1036 735 1099 quod
751 1051 766 1084 a

98 1100 212 1163 Pompeio
222 1109 245 1149 et
256 1101 346 1149 casm
355 1109 447 1163 gesmm
457 1108 500 1160 est,
511 1102 622 1148 recitavit
652 1100 703 1160 Qui
714 1109 765 1148 tan-

98 1171 130 1211 ta
139 1164 240 1212 levitatis
250 1174 273 1212 et
288 1173 338 1212 tam
352 1165 509 1213 immoderata
520 1164 608 1227 lingua
618 1164 671 1226 fuit,
687 1171 722 1224 ut,
740 1166 765 1212 in

97 1228 232 1290 prefatione
243 1229 354 1291 quidam,
367 1238 458 1277 atatem
473 1237 496 1276 et
510 1229 577 1276 initia
591 1244 634 1277 sue
644 1244 698 1277 cum
713 1228 766 1277 Vir-

97 1292 156 1354 gilio
175 1308 317 1355 mmparans,
339 1309 409 1341 ausus
427 1294 457 1341 sit
476 1293 563 1341 diceres
583 1295 601 1322 ‘⁶
611 1301 635 1341 et
650 1300 767 1357 quantum

97 1356 159 1403 mihi
168 1366 238 1405 restat
248 1358 279 1404 ad
289 1358 395 1406 Culicem
403 1358 434 1407 ?’‘
455 1357 512 1419 Hic,
524 1358 590 1405 initio
600 1358 765 1419 adolescentiae,

97 1435 162 1481 cum,
173 1423 204 1469 ob
215 1421 325 1469 infestum
335 1422 518 1481 matrimonium,
535 1430 624 1484 patrem
639 1437 708 1471 suum
718 1423 767 1469 ruri

97 1500 166 1547 agere
182 1485 251 1549 longe
269 1488 420 1549 cognovisset,
436 1494 556 1533 revocatus
571 1485 672 1534 Athenis
688 1500 702 1532 a
718 1486 767 1533 Nc-
850 1536 855 1541 Ι

97 1564 162 1610 rone,
182 1550 316 1614 cohortique
333 1552 460 1598 amicorum
483 1550 583 1610 additus,
605 1559 675 1613 atque
695 1551 766 1597 etium

98 1614 219 1675 questura
224 1614 357 1675 honoratus,
365 1629 413 1662 non
419 1622 496 1662 tamen
504 1616 630 1678 permansit
639 1614 665 1660 in
675 1614 764 1677 grstii:

236 1678 386 1789 uu

95 1742 529 1869 mangonem&
541 1758 681 1869 fficip’em,
693 1820 768 1868 neque

93 1870 166 1917 factis
184 1872 336 1932 exstantibus,
356 1880 409 1935 post
425 1872 476 1919 huc
497 1872 647 1933 temperavit3
667 1870 725 1917 adeo
740 1877 768 1917 ut

95 1935 227 1997 quondam,
239 1936 264 1981 in
279 1936 369 1983 latrinis
379 1936 488 1998 publicis,
502 1936 595 1983 clariore
605 1935 702 1995 strepitu
714 1948 768 1982 ven-

94 2000 140 2047 tris
151 2000 244 2059 emisso,
259 1999 431 2047 hemistichium
444 2000 543 2047 Neronis
557 1999 643 2062 magni
653 2012 769 2046 consesso-

95 2078 154 2114 rum
164 2064 223 2125 fugis
233 2065 395 2126 pronuntiisrit,
405 2064 479 2112 “Sub
490 2065 555 2111 terris
563 2064 664 2111 tonuisse
674 2063 769 2125 putes.”

95 2127 146 2176 Sed
157 2136 182 2175 et
191 2128 281 2176 famoso
291 2130 391 2175 carmine
406 2142 461 2175 cum
474 2128 560 2190 ipsum,
576 2136 627 2174 tum
638 2125 769 2189 potentissi-

94 2206 151 2240 mos
162 2192 298 2249 amicorum,
307 2192 442 2255 gravissime
448 2191 566 2254 proscidit
582 2191 624 2239 Ad
630 2199 768 2250 extremum,

93 2272 165 2319 paene
175 2256 271 2320 signifer
277 2258 408 2304 Pisoniana
416 2257 580 2317 conjurationis
591 2256 695 2312 exstitit;
707 2253 770 2301 mul-

93 2329 137 2368 tus
152 2322 178 2367 in
193 2321 267 2383 glorii
278 2321 474 2383 tyrannicidarum
488 2320 566 2382 palam
576 2318 730 2382 predicandi,
742 2332 770 2365 sc

92 2384 183 2447 plenus
193 2386 326 2443 minanrm3
339 2400 414 2447 usque
423 2400 451 2432 eo
461 2386 623 2447 intemperans,
635 2391 663 2430 ut
673 2382 771 2431 Gaesans
806 2430 807 2433 ,

93 2457 173 2511 caput
192 2450 301 2511 proximo
321 2451 406 2512 cuique
425 2452 529 2511 jactaret
566 2448 663 2506 Verum,
682 2446 771 2495 detecti

92 2515 279 2626 tebth,
291 2514 529 2627 iiiiffli
537 2513 771 2624 sthimia?

162 2612 168 2624 ο
487 2612 494 2637 ’
760 2602 770 2614 “

600 2643 616 2689 2
628 2653 645 2686 n
660 2642 676 2687 3
