1875 2917
308 50 398 117 (vr.)·
417 49 522 100 uero.
555 51 594 97 sa
741 51 791 98 eet

117 180 230 228 adoravh.
261 178 300 226 Ac
314 195 342 227 ne
357 189 413 228 bruc
427 179 523 242 quidem
539 184 676 224 autsenatu
690 185 788 238 autpe-

18 258 19 266 ¹
117 245 176 306 pulo
190 259 267 292 coram
281 244 406 306 appellato,
418 243 534 306 quosdam
550 241 718 305 eprimeribus
733 242 789 288 viris

15 305 18 336 ²
117 307 215 356 domum
223 307 604 370 evocavitetrausaotdqueraptim
612 305 788 363 consultatione,

116 371 231 434 reliquam
242 373 288 419 diei
298 381 388 435 partem
402 388 443 434 per
453 386 540 434 organa
552 369 690 432 hydraulica
699 370 756 416 novi
766 376 790 415 et

118 435 192 498 ignoti
208 437 297 499 generis
314 436 486 484 circumduxit:
505 434 672 497 ostendensque
687 433 789 495 singula,

118 499 147 546 de
157 501 244 548 ratione
257 515 285 548 ee
296 500 433 548 difficultate
448 502 564 561 cujusque
573 498 695 557 ffimnens,
704 500 755 560 Jam
765 513 790 544 se

15 565 16 590 ³
118 565 188 611 etiam
199 565 345 627 prolaturum
355 563 590 612 omuisiutheatrum
597 561 729 622 affirmavit,
742 562 789 609 “si

118 628 294 689 perVindieem
303 629 397 676 liceat”
653 673 658 692 ,

151 690 220 757 (42.)
237 693 367 756 Postquam
379 691 462 740 deinde
472 692 543 739 etiam
553 691 655 738 Galbam
665 698 688 737 et
699 689 789 752 Hispa-

119 755 169 804 nias
179 756 301 804 descivisse
316 758 431 820 cognovit,
448 756 573 818 collapsus,
589 755 713 816 animoque
727 754 790 801 maie

120 818 201 880 fracto,
208 819 250 867 diu
258 821 406 882 etsinevoce,
414 829 437 868 et
447 835 519 883 prope
526 821 697 878 intermortuus,
706 819 789 879 J'ecuit.

118 882 514 946 n,
528 947 779 1008 „n

118 1011 374 1076 cu1ae‚eta1iirquoque
378 1012 582 1075 JamPrinctpibus
588 1010 675 1058 similia
681 1009 791 1058 accidisse

119 1078 264 1138 menoranti,
282 1078 341 1125 “Se
357 1092 418 1137 vero,
434 1085 517 1140 preter
531 1083 631 1136 ceteros,
646 1073 752 1121 inaudita
767 1083 791 1121 et

118 1138 237 1202 incognita
245 1140 455 1204 pati‚'’resp0ndit,
468 1141 660 1203 “quisummum
667 1139 790 1201 imperium

120 1203 187 1250 vivus
199 1205 338 1253 amitteret?
370 1205 422 1252 Nec
431 1220 458 1252 eo
469 1205 544 1252 secius
554 1201 685 1265 quidquam
695 1217 725 1249 ex
736 1217 790 1250 con-

119 1267 241 1316 suetudine
251 1268 322 1316 luxus
333 1277 403 1332 atque
413 1267 509 1316 desidite
518 1268 607 1326 omisit,
616 1266 653 1313 vel
662 1267 789 1313 immmuit.

118 1329 267 1392 Quinimmo,
289 1347 344 1380 eum
366 1333 469 1396 prosperi
503 1331 600 1379 uiddam
615 1346 645 1377 ex
666 1331 791 1392 provinciis

119 1395 254 1443 nuntiatum
265 1405 331 1458 esset,
343 1411 411 1458 super
421 1397 451 1444 ab
501 1395 645 1443 artissimam
656 1408 744 1441 coenam
753 1396 791 1456 jo-

119 1458 207 1506 cularia
216 1460 242 1506 in
252 1460 386 1508 deiectionis
396 1461 466 1508 duces
477 1460 587 1519 murina,
596 1458 729 1520 lasciueque
739 1472 791 1504 mo-

119 1519 208 1582 dulata,
217 1539 270 1584 quae
278 1524 349 1585 vulgo
357 1531 490 1584 notuerunt,
498 1524 569 1570 etiam
579 1522 729 1584 gesticulatus
739 1529 789 1577 est3

118 1600 155 1644 ac,
167 1587 304 1648 spectandis
318 1587 400 1634 theani
415 1587 476 1634 ciam
491 1587 579 1646 illaurs,
594 1585 688 1632 midam
703 1586 792 1632 scenico

118 1649 221 1738 plecepti
230 1651 339 1697 nuntium
350 1651 421 1710 misit,
435 1651 527 1697 “abuti
537 1665 592 1697 cum
602 1649 792 1710 occupationibus

121 1713 189 1760 auia’

122 1809 126 1815 -
154 1775 165 1842 (
172 1776 222 1841 te)
239 1777 313 1826 initio
322 1778 403 1827 cutim
413 1778 537 1837 mmultts,
548 1777 625 1824 multa
636 1785 660 1824 et
669 1775 790 1836 maria,

119 1855 201 1888 verum
211 1856 258 1888 non
268 1842 413 1890 abhorrentis
425 1858 440 1889 a
453 1842 498 1889 sui
510 1841 601 1899 nature,
612 1840 712 1888 creditur
721 1840 792 1887 desti-

94 1933 96 1936 *
119 1903 202 1952 uisse:
222 1920 360 1954 successores
376 1920 565 1968 percussoresque
578 1905 713 1952 submittere
726 1919 792 1950 exer-

118 1969 181 2016 citus
202 1976 226 2015 ct
246 1971 375 2030 provinciae
395 1971 536 2032 regentibus,
559 1969 627 2031 quasi
648 1969 791 2030 conspirans,

119 2031 230 2095 idemque
247 2039 270 2079 et
286 2049 362 2081 unum
379 2035 544 2081 sentientibus:
567 2033 683 2095 quidquid
703 2033 791 2094 ubique

119 2097 239 2156 exsulum,
250 2097 367 2160 quidquid
377 2099 403 2144 in
412 2098 477 2145 Urbe
487 2097 610 2144 hominum
618 2095 792 2143 Gallicanorum

119 2169 187 2222 esset,
199 2161 369 2210 cannucidare:
382 2161 443 2222 illos,
452 2177 482 2208 ne
492 2159 669 2208 desciscentibus
680 2175 791 2222 aggrega-

118 2233 211 2282 rentur;
228 2225 280 2286 hoc,
292 2234 319 2273 ut
332 2227 434 2274 conscios
448 2225 597 2288 popularium
613 2238 708 2271 suorum
722 2231 793 2286 atque

119 2287 235 2336 fautores:
249 2289 341 2338 Gallias
348 2291 487 2338 exercitibus
497 2287 637 2351 diripiendos
647 2287 790 2348 permittere:

120 2360 228 2400 senatum
246 2354 382 2403 universum
400 2367 488 2402 veneno
508 2369 550 2415 per
570 2353 677 2400 convivia
696 2365 790 2398 necare:

120 2415 211 2464 Urbem
228 2417 355 2477 incendere,
370 2417 425 2466 feris
442 2418 467 2464 in
513 2417 598 2480 pulum
612 2416 794 2478 immissuquo

119 2477 239 2528 difficilius
256 2480 420 2530 defenderetur.
453 2432 659 2539 Sedoabsterrims,
676 2493 724 2526 uon
742 2486 791 2526 tam

119 2543 340 2610 penitentibqusm
346 2543 793 2610 perficiendidesperetimwedensque
875 2561 882 2569 ·
