1875 2917
292 62 355 130 (v.)
388 63 574 114 ennomus.
606 68 646 114 ro
758 67 805 117 uc

130 209 156 242 ce
174 193 204 240 ad
223 193 356 242 ducendum
377 209 430 242 eam
449 207 556 255 uxorem,
577 194 645 257 quani
665 193 801 256 reipublicur

131 259 235 304 maxime
246 259 379 316 interessem
397 258 546 321 dandamque
561 259 648 306 caterio
659 259 751 306 veniam
766 266 802 306 tc·

130 320 191 368 lium
202 323 373 386 conjugiorum,
385 338 439 385 quae
450 323 481 369 cd
493 323 519 370 id
529 331 621 386 tempus
632 323 719 370 incesta
728 322 800 370 bobe-

130 387 221 434 bantur.
253 387 300 448 Ac,
313 389 355 434 vix
365 402 413 435 uno
423 388 558 449 interponito
569 387 614 448 ute,
626 387 724 435 confecit
739 401 801 450 nup-
907 361 911 372 ι

131 451 190 508 tias;
219 465 266 498 non
288 452 391 513 repertio,
417 453 460 515 qui
483 458 632 513 sequerentur
656 451 800 513 exemplum,

129 523 226 577 excepto
236 516 344 563 libertino
355 515 467 578 quodam,
480 525 503 563 et
513 516 585 563 altero
598 515 747 578 primipilari
758 531 800 564 cup

127 579 169 690 {up
179 579 283 627 officium
293 581 430 644 nuptiarum
444 589 468 628 et
482 581 534 643 ipae
548 595 602 628 cum
613 579 750 642 Agrippini
763 595 800 627 ce·

141 659 153 689 e
169 645 236 690 ravit.

130 706 222 832 3³27.
252 708 349 756 Liberos
364 725 393 756 ex
409 709 483 756 tribua
499 709 613 756 uxoribus
624 707 694 756 tulit:
712 723 742 756 ex
753 709 800 756 Ur·

206 773 210 784 '
232 772 363 820 anrusum
380 783 404 822 et
420 773 561 830 Claudiam
579 788 608 820 ex
624 772 709 820 Petini
722 773 800 820 Anto·

130 836 210 893 niamr
235 852 264 884 ex
281 837 411 885 Messalini
429 837 563 897 Octaviam,
582 845 614 898 et,
634 852 705 898 quem
724 837 800 899 primo

130 897 305 962 Germanicmn,
336 917 393 950 mox
420 901 591 960 britannicum,
618 901 799 962 cognominavit.

130 961 237 1012 Drusum
249 967 367 1028 Pompeiis
382 967 527 1028 impuberem
542 965 629 1025 amicit,
641 965 700 1027 piro,
712 979 753 1028 per
762 965 800 1014 lm

129 1037 184 1075 eum
195 1030 219 1076 in
228 1030 328 1078 sublime
337 1032 432 1092 jactato,
441 1037 464 1076 et
474 1029 542 1077 hiatu
552 1030 598 1078 orie
608 1038 713 1092 excepto,
726 1038 801 1077 man.

128 1092 253 1170 galatum
271 1096 310 1142 cui
320 1103 344 1141 et
354 1102 407 1142 ante
412 1109 505 1170 'paucos
516 1095 566 1171 dieq
579 1093 744 1170 filiamtsqmt
760 1093 799 1140 de-

128 1158 611 1284 tulftzjittttffltffl
623 1159 800 1272 {limi

128 1283 214 1334 Botere
225 1295 367 1350 conceptam,
380 1287 489 1349 quamvis
504 1296 557 1334 ante
571 1287 682 1350 quintum
695 1301 800 1334 mensem

128 1348 222 1396 divortii
242 1359 329 1412 natam,
347 1351 426 1413 alique
445 1359 553 1414 emptam,
569 1351 655 1414 exponi
674 1359 753 1398 tamen
768 1351 799 1398 ad

127 1415 324 1478 marritionem,
337 1423 361 1462 et
373 1414 462 1462 nudam
475 1417 547 1477 jnecit
557 1416 635 1478 abjici.
667 1414 798 1463 Antoniam

128 1476 173 1526 Cn.
186 1479 299 1541 Pompeio
314 1479 414 1542 Magno,
431 1479 514 1526 deinde
529 1480 618 1527 Fausto
633 1478 714 1539 smne,
731 1480 799 1528 nobi-

126 1540 225 1590 lissimis
237 1545 371 1604 juvenibus,
384 1543 508 1592 Octaviam
521 1544 610 1591 Neroni
624 1543 733 1605 privigno
747 1559 798 1605 ouo,

127 1606 258 1665 collocavit,
272 1607 351 1656 Silano
360 1617 412 1655 ante
423 1607 593 1670 desponsatam.
626 1607 798 1669 Britannicum,

126 1671 238 1721 vicesimo
248 1672 339 1734 imperii
347 1671 392 1733 die,
401 1673 473 1735 inque
481 1671 581 1720 soeundo
588 1671 709 1719 conculam
716 1680 799 1719 natum

126 1734 182 1795 sibi,
198 1736 323 1796 parvulum
339 1738 410 1784 etiam
424 1745 485 1796 tum,
501 1745 525 1784 et
537 1737 618 1795 militi,
632 1750 675 1797 pro
691 1737 799 1784 concione

126 1799 238 1848 manibus
249 1802 298 1849 auio
312 1809 413 1864 geatanq
430 1809 453 1849 et
467 1801 538 1864 plebi,
549 1816 591 1864 per
605 1801 736 1861 spectacula
748 1815 799 1864 gre-

126 1863 236 1911 micant
255 1874 308 1912 ante
327 1880 351 1913 ae
370 1866 479 1926 retinens,
498 1865 590 1913 aoeidoe
612 1865 798 1925 commendabat,

125 1925 258 1990 faustisque
269 1931 388 1976 ominibus
403 1945 458 1978 cum
473 1929 652 1977 acclamantium
662 1930 732 1976 trrrbi
746 1945 799 1994 pro-

127 1995 275 2054 sequebatur.
308 1995 330 2042 E
342 1996 431 2056 generis
443 1995 560 2042 Naronem
573 1992 707 2054 adoptavitr
726 1994 799 2042 Pom-

126 2057 208 2118 peium
225 2065 295 2120 atque
307 2057 414 2106 Silanum
429 2073 476 2107 non
489 2058 604 2106 recusavit
620 2056 698 2120 modo,
717 2059 758 2106 ced
774 2066 798 2106 et

126 2121 250 2167 interemit

159 2183 171 2248 (
177 2182 229 2248 28.)
241 2185 391 2234 Libertorum
398 2187 514 2250 precipue
522 2185 628 2248 suspexit
634 2185 734 2233 Posiden
743 2201 798 2248 epa·

125 2247 219 2311 donem,
229 2264 299 2312 quem
310 2251 389 2312 etiam,
398 2251 535 2298 Britannico
542 2249 670 2312 triumpho,
682 2251 743 2297 inter
752 2253 798 2298 mi.

125 2313 205 2362 litoreo
213 2314 274 2362 viros
284 2314 353 2362 hasti
360 2315 420 2378 puri
427 2315 537 2362 donavit:
550 2329 592 2362 nec
599 2314 678 2361 minue
686 2313 797 2377 Felicem,

126 2391 198 2454 quem
209 2377 342 2455 cohortibus
356 2385 380 2456 et
390 2379 434 2428 alic
448 2380 620 2458 provinciaeque
630 2378 649 2426 J
650 2377 723 2426 udaeae
737 2394 799 2441 pra·

102 2503 106 2506 ·
125 2450 306 2558 ffllrllum
323 2442 798 2571 bilffinlir‘ussii‘mlllffi

124 2571 186 2620 blice
198 2570 255 2622 eden
281 2607 288 2636 ,
298 2575 339 2636 jus
348 2572 442 2622 tribuit:
456 2588 492 2635 ac,
504 2587 573 2636 super
580 2571 632 2633 hoo,
642 2571 771 2634 Polybium
781 2587 797 2618 a
