1875 2917
325 53 401 119 (vr.)
434 55 541 104 nuno.
574 58 598 104 o.
752 55 801 102 sos

125 188 178 230 tate
191 191 288 244 nantes,
304 184 391 246 quibus
408 186 513 248 primum
532 183 610 245 potuit
627 183 799 246 experimentis.

126 248 238 311 Namque
248 249 413 296 Britannicum
424 249 528 307 francus,
540 247 605 311 quod
619 263 652 308 se,
663 256 718 310 post
728 247 801 309 adop-

124 312 221 372 tionem,
240 314 412 361 Adnobsrbum
431 329 461 361 ex
480 313 647 360 consuetudine
666 311 799 372 salutisset,

124 384 154 423 ut
173 377 318 426 subditivum
337 393 352 425 a
368 378 401 426 ud
416 387 516 440 patrm,
533 392 628 440 arguere
644 386 741 425 conatus
755 385 798 424 est.

124 440 234 489 Amitam
250 451 330 490 autem
394 443 466 502 idam,
484 457 555 501 ream,
573 441 705 489 testimonio
721 456 798 490 coram

125 504 218 566 afflixit,
236 507 368 570 gratiflcm
384 508 461 568 matri,
482 522 498 554 s
516 506 566 570 qui
583 521 622 553 rea
642 508 797 570 premebatur.

126 569 249 619 Deductus
263 571 377 619 inferum
388 573 440 632 tiro,
452 571 542 634 populo
556 571 709 633 congiarium,
726 571 798 620 militi

123 633 271 694 donativum,
287 637 422 698 proposuits
440 635 575 698 indictdque
588 635 723 682 decursione
737 651 798 698 pne·

123 700 229 760 torisnis,
251 708 345 748 scutum
367 701 410 748 sui
430 715 504 748 manu
524 699 642 762 prendite
659 700 715 746 exin
736 701 798 762 patri

124 764 212 824 gratiss
228 766 253 811 in
268 773 348 814 senatu
362 765 417 828 egit.
449 765 526 828 Apud
540 764 657 825 eumdem,
669 765 796 824 consulem,

124 841 169 889 pro
179 828 366 877 Bononiensibus
378 829 469 890 lasciue,
481 845 524 892 pro
534 828 636 876 Rhodiis
643 837 713 891 atque
725 828 799 876 Ilien-

126 892 194 939 sibus
204 893 292 953 Graece,
309 895 378 942 verbs
388 894 450 942 fecit.
483 893 629 955 Auspicams
644 901 679 940 est
688 900 712 940 et
724 895 797 955 J'uris-

125 955 251 1004 dictionem
269 958 392 1020 praefectus
409 959 470 1006 Urbi
489 973 553 1005 sacro
569 957 717 1017 Latinaruun,
738 957 797 1004 cele-

124 1021 231 1069 berrimis
249 1023 352 1086 patronis
371 1037 418 1071 non
435 1022 587 1070 translaticias
604 1022 642 1086 (ut
661 1020 756 1085 aswlet)
774 1031 798 1070 ct

125 1085 212 1146 breves,
225 1087 265 1134 sed
276 1088 393 1135 maximas
403 1087 564 1150 plurimasque
571 1087 738 1149 posndstiones
749 1101 798 1134 oer-

124 1150 192 1196 tatim
203 1152 374 1213 ingerentibus3
393 1153 502 1215 quamvis
512 1151 659 1199 interdictum
670 1167 685 1198 a
695 1151 797 1199 Claudio

125 1223 191 1261 esset.
225 1216 276 1263 Nec
293 1215 369 1264 multo
384 1225 438 1278 post
456 1216 526 1264 duxit
541 1230 639 1263 uxorem
653 1215 794 1264 Octaviam:

125 1277 244 1343 ediditque
264 1295 307 1344 pro
322 1280 417 1329 Claudii
433 1280 509 1330 salute
524 1282 635 1330 circenses
653 1289 677 1328 et
693 1282 797 1329 venatio-

124 1355 185 1390 nem.

157 1406 211 1472 (8.)
228 1408 397 1471 Septemdecim
414 1417 484 1458 natus
502 1423 583 1470 annos,
603 1417 632 1456 ut
646 1407 676 1456 de
695 1409 797 1457 Claudio

124 1473 204 1534 palam
214 1472 303 1520 factum
314 1482 356 1534 est,
368 1475 427 1521 inter
437 1474 519 1521 horam
526 1482 617 1521 sextam
625 1473 796 1537 septimamque

124 1538 235 1598 prooessit
245 1537 275 1584 ad
291 1539 450 1595 excubitoress
468 1553 524 1586 cum
533 1540 566 1586 ob
576 1539 647 1586 totius
657 1538 705 1584 diei
715 1538 796 1585 dirita-

125 1609 173 1647 tem
189 1615 235 1648 non
253 1601 318 1649 aliud
336 1602 473 1665 auspicandi
487 1610 580 1664 tempus
597 1603 795 1651 accommodatius

124 1665 253 1712 videreturs
271 1681 359 1729 proque
375 1667 462 1714 Palatii
477 1666 588 1729 gradibus
599 1667 729 1728 Imperstor
739 1680 794 1714 con-

124 1729 248 1788 salutatus,
263 1729 345 1778 leutici
356 1732 381 1778 in
396 1739 478 1791 castra,
493 1739 517 1777 et
532 1731 586 1777 inde
600 1732 694 1793 raptim,
712 1731 795 1794 appel·

122 1795 177 1842 latis
193 1795 318 1856 militibus,
335 1797 360 1842 in
378 1796 467 1843 neriam
481 1795 572 1842 deletus
584 1805 627 1854 ast,
643 1795 795 1858 disoessitque

121 1860 364 1983 struente
372 1859 795 1985 un..

123 1997 217 2116 Pnffi
228 1996 379 2101 ffiffhinc
400 2069 415 2100 a
433 2053 527 2116 pietatis
545 2054 705 2113 ostentatione,
722 2052 796 2101 Clau.

124 2117 201 2176 dium,
214 2118 392 2179 apparatissimo
403 2118 483 2165 funere
493 2118 590 2178 elatum,
601 2117 707 2165 laudavit
718 2133 798 2166 conse-

123 2181 252 2244 cravitque.
283 2182 406 2231 Memoria
416 2182 518 2230 Domitii
528 2184 601 2245 patris
611 2183 710 2231 honores
719 2183 798 2230 maxi-

123 2261 176 2294 mos
191 2244 282 2293 habuit.
315 2247 390 2294 Matri
404 2261 522 2295 summam
536 2248 643 2296 omnium
658 2262 736 2294 rerum
751 2262 797 2311 pu·

122 2313 239 2360 biicarurn
249 2311 438 2374 privatarumque
448 2313 560 2374 permisit.
577 2312 659 2359 Primo
669 2313 740 2359 etiam
751 2313 797 2357 im·

122 2377 183 2439 perii
197 2375 234 2421 die
253 2375 347 2436 signum
368 2376 493 2424 excubanti
504 2378 598 2424 tribuno
614 2375 679 2422 dedit
696 2378 713 2404 “
724 2375 799 2436 Opti·

121 2455 188 2489 marn
202 2438 335 2485 matrem:”
353 2453 380 2486 ac
391 2438 499 2502 deinceps
514 2440 621 2502 ejusdcm
640 2455 701 2503 stepe
717 2439 800 2486 lectici

121 2521 165 2568 per
178 2502 300 2567 pubiicum
315 2503 387 2550 simul
401 2511 482 2551 vectus
492 2513 534 2551 est.
567 2503 670 2550 Antium
681 2503 799 2550 coloniam

121 2569 230 2628 deduxit,
242 2566 364 2629 adscriptis
374 2569 488 2616 ueteranis
502 2583 516 2614 e
530 2569 644 2629 protono,
666 2566 800 2626 additisque
