1875 2917
174 32 221 78 252
350 28 455 94 (vui.)
485 29 594 79 oruc.
629 31 668 78 12

173 157 409 218 remconsolrtorioe,
425 158 465 206 sed
482 157 725 205 etandsseiimm
740 154 853 211 Nomii,

174 235 246 283 quam
257 223 406 270 nutrimonio
415 221 550 280 destinirat,
560 220 731 268 commertdans
741 220 855 282 reliquim

173 301 227 332 suas
237 293 261 331 ct
275 287 419 334 memoriam.
451 285 578 349 Quidquid
593 285 678 332 deinde
694 285 853 348 epistolarum

173 358 230 407 erat,
241 363 270 396 ne
278 351 318 396 cui
328 351 431 412 periculo
441 359 484 398 aut
490 365 559 398 noxae
569 349 634 411 apud
642 351 762 396 victorem
770 349 852 404 sumt,

173 415 333 462 concremavit.
350 413 438 462 Divisit
445 423 468 461 et
476 416 587 476 pecunias
594 414 733 461 domesticis
742 429 777 460 ex
788 412 854 474 cupii

189 478 285 524 emeriti.

172 493 189 539 P
206 541 216 605 (
226 540 275 606 ll.)
292 542 374 604 Atque
384 542 419 588 ita
429 552 532 604 paratus,
543 543 697 603 intentusque
707 545 765 604 jem
775 540 853 597 metti,

174 606 278 670 mmultu
289 607 348 652 inter
358 620 434 653 mores
445 615 534 663 exorto,
546 613 574 652 ut
583 621 631 666 eos,
643 607 688 667 qui
698 606 822 652 discedere
830 613 853 649 et

173 671 236 717 abire
244 671 382 732 coeptabant,
386 671 469 732 corripi
478 671 547 732 quasi
554 670 687 729 desertores,
693 670 851 730 &dumique

174 735 257 782 sensit:
277 737 294 762 “
304 732 483 796 Adjiciamus,‘’
494 735 580 796 iuquit,
593 737 611 762 “
620 735 675 781 vitre
686 743 710 781 et
720 733 789 782 hanc
799 747 852 779 nce»

174 800 249 855 tem,''
260 798 298 846 his
313 799 371 860 ipsis
385 798 530 861 totidemque
544 799 633 846 verbis:
652 799 790 860 vomitque,
804 798 853 844 vim

175 863 285 924 cuiquam
296 863 357 910 fieri:
374 871 404 922 et,
416 863 441 908 in
451 877 529 910 serum
539 877 614 924 usque
624 869 719 924 patente
729 861 853 920 cubiculo,

123 983 125 988 Ι
142 923 145 928 '
174 927 260 989 siquis
274 927 337 973 adire
349 926 424 985 vellet,
441 935 579 988 potestatem
593 927 631 974 sui
645 926 760 988 praebuit.
796 927 854 973 Post

174 990 226 1050 hoc,
238 991 317 1039 sedati
332 991 371 1038 siti
381 990 464 1052 gelidae
475 1005 544 1052 aquae
558 991 659 1052 potione,
670 991 777 1052 arripuit
792 989 853 1037 duos

173 1057 295 1118 pugiones,
307 1063 337 1114 et,
350 1055 470 1116 explorati
480 1055 603 1116 utriusque
613 1056 669 1114 acie,
682 1069 740 1101 cum
749 1055 854 1101 alterum

173 1119 271 1181 pulvino
293 1118 442 1176 subdidisset,
464 1118 554 1165 foribus
575 1119 691 1180 adopertis
715 1119 854 1166 arctissimo

174 1197 255 1230 somno
271 1184 367 1245 quievit.
399 1183 440 1242 Et,
457 1183 518 1229 circa
530 1183 607 1230 lucem
623 1182 720 1229 demum
736 1197 854 1245 experge-

173 1247 257 1307 factus,
274 1262 322 1295 uno
335 1262 359 1294 se
374 1248 464 1308 trajecit
478 1247 527 1294 ictu
542 1246 604 1293 inira
616 1247 702 1294 levam
714 1247 852 1309 papillam:

173 1311 401 1373 irrumpentibusque
419 1310 450 1358 ad
463 1310 570 1373 ,primum
584 1313 708 1373 gemitum,
723 1312 801 1360 modo
816 1327 855 1359 ce·

174 1375 233 1434 lans,
245 1375 315 1422 modo
325 1375 432 1436 detegens
446 1373 550 1436 plegem,
562 1375 709 1422 exanimatus
719 1384 767 1435 est,
779 1385 804 1423 ct
815 1390 854 1423 ce-

173 1439 250 1486 leriter
261 1438 327 1502 (nam
343 1441 377 1486 ita
390 1438 539 1502 preceperat)
551 1439 679 1497 funeratus,
691 1440 816 1488 tricesimo
831 1448 855 1486 et

173 1513 256 1615 diemo
266 1505 340 1554 stads
351 1517 420 1565 anno,
431 1511 454 1550 et
465 1505 615 1567 nonagesimo
625 1511 648 1554 et
659 1503 745 1564 quinto
755 1505 854 1567 imperii

199 1584 219 1616 e.

207 1632 277 1698 (12.)
294 1633 373 1680 Tanto
387 1633 490 1681 Othonis
504 1635 749 1696 animonequaquam
765 1648 855 1695 eorpus

175 1706 217 1744 aut
226 1697 321 1744 habitus
332 1698 457 1759 competiit
490 1697 575 1745 Fuisse
585 1700 648 1745 enim
658 1697 761 1744 madimr
768 1706 793 1745 et
799 1712 856 1744 mo-

174 1761 232 1810 dicoe
243 1770 343 1822 stature,
356 1769 379 1808 et
388 1761 449 1808 mele
460 1761 559 1824 pedatus
566 1763 733 1824 scambusque:
754 1761 856 1808 mundi·

173 1827 261 1873 tiarum
272 1841 325 1872 vero
339 1840 404 1888 paene
418 1825 578 1887 muliebrium,
590 1826 657 1873 vulso
670 1840 776 1888 corpore,
787 1826 856 1888 gule·

172 1889 247 1936 riculo
258 1891 329 1952 capiti
343 1897 437 1952 propter
450 1890 567 1937 raritatem
582 1889 721 1952 capillorum

175 1962 198 2000 et
217 1969 316 2012 armexo,
337 1963 364 2000 ut
381 1968 450 2000 nemo
468 1954 623 2015 dignosceretr
645 1954 704 2016 quin
719 1962 744 2000 et
763 1955 856 2002 faciem

175 2018 279 2079 quotidie
289 2019 390 2077 rasitare,
398 2033 425 2065 ac
431 2033 491 2080 pane
501 2018 597 2066 madido
606 2019 685 2077 linere,
694 2027 855 2068 cmuumm:

175 2081 246 2144 idque
257 2083 384 2129 instituisse
394 2097 409 2128 s
419 2082 496 2143 primi
506 2082 625 2144 lanugine,
636 2097 666 2128 ne
680 2083 796 2130 barbanu
806 2098 857 2130 uu-

175 2159 248 2208 quam
264 2154 335 2207 essetr
354 2161 418 2193 sacra
432 2147 504 2194 etiam
520 2146 592 2195 Isidis
608 2160 668 2207 scope
683 2146 709 2192 in
723 2145 801 2194 lintei
817 2163 856 2194 re-

174 2209 304 2272 ligiosique
316 2218 377 2259 veste
387 2211 510 2273 propalam
520 2210 652 2259 celebrdssc
677 2210 724 2256 Per
734 2225 793 2272 que
801 2211 857 2259 ἕω

174 2283 226 2320 tum
236 2282 326 2336 putem,
338 2283 366 2320 ut
375 2289 438 2321 mors
452 2277 513 2338 ejus,
528 2275 625 2322 minime
639 2288 770 2335 congruens
787 2276 855 2336 vite,

174 2338 856 2463 ,mmmm

173 2461 223 2521 lati,
244 2463 424 2510 “fortissimum
435 2465 520 2526 vnum,
533 2466 630 2513 uniurm
637 2419 856 2528 'Imperium‘

172 2524 329 2584 predicantes,
347 2526 434 2573 ibidem
449 2529 537 2588 statim,
550 2544 592 2576 nec
602 2529 683 2591 procul
692 2545 708 2576 a
718 2529 789 2592 rog'o,
801 2534 856 2582 vim
