1875 2917
306 53 413 123 (vm.)
444 53 555 105 οιιιο.
588 57 612 104 ι.
748 57 795 111 ιιι

127 312 210 378 (2.)
227 284 292 362 Otho
307 313 435 377 Imperator
449 249 617 360 IVilolendss
630 312 710 359 Μιιιι
720 319 790 360 notus

121 385 164 437 est,
183 377 284 426 Camillo
300 378 422 460 Arruntio,
438 377 545 424 Domitio
562 375 712 437 Aenobrrbo,
735 389 790 425 con·

121 440 220 490 nulibus.
247 442 272 488 A
283 443 361 504 prima
346 440 524 490 adolescendi
533 439 645 502 prodigus
655 455 682 487 sc
692 455 788 502 procer,

120 501 178 553 adeo
188 506 377 568 utsoepellcgris
392 507 662 568 obiurgareturnpotre.
689 504 787 553 Fereba-

120 576 160 615 tur
180 579 205 617 et
224 571 304 632 regeri
324 571 430 618 noctibus
452 568 543 628 solitis,
565 575 636 630 etque
656 568 786 617 insolidum

136 648 238 696 nemque
255 635 376 681 obviomm
393 634 430 682 vel
446 633 593 695 poculenmm
611 633 729 694 corripere,
750 649 785 695 se,

303 699 448 766 impositum,
459 696 612 745 insuhlime'
603 704 696 758 Jcctsre.
729 698 787 747 Post

116 761 279 822 petrisdeine
267 759 392 823 emonem,
401 762 534 808 libertinum
542 760 643 807 milicem
650 762 784 823 gratiosum,

117 824 320 886 quoefficeciuseo
320 823 718 888 leretetismdiiigeresimulevitq
717 839 784 874 unm-

117 889 245 948 visanum,
257 904 284 937 ec
294 904 359 952 pene
370 890 517 953 decrepitam
534 888 579 934 Per
586 887 646 935 hene
652 889 784 939 insinuatus

115 951 213 1013 Neroni,
226 953 294 1001 focile
309 969 429 1001 summum
443 954 503 1000 inter
516 953 603 999 emiocs
617 950 696 999 locum
709 955 784 1002 tenuit

115 1018 265 1079 cmgruentie
285 1033 386 1084 morum,
408 1026 436 1065 ut
452 1031 506 1064 vero
523 1015 620 1078 quidem
638 1017 742 1078 tradunt,
761 1027 785 1066 et

87 1107 98 1120 ι
114 1081 281 1130 consuetudine
290 1076 377 1129 mutui
381 1083 468 1144 stupri·
486 1095 514 1128 ec
524 1088 617 1127 tenmm
627 1082 732 1142 potentii
742 1098 783 1130 vs·

112 1143 167 1204 luit,
176 1154 204 1192 ut
214 1145 351 1193 (ιιιιιιιιιιιιιι
361 1145 494 1221 repetundis
502 1144 673 1192 oonsrrlsrem'
651 1159 736 1205 virum,
745 1147 782 1193 in-

111 1223 170 1271 gens
187 1211 310 1286 proemium
326 1219 417 1292 pectus,
435 1211 502 1272 prius
517 1223 590 1271 quom
598 1208 674 1283 plone
689 1211 781 1258 restitu-

112 1272 201 1320 tionem
211 1275 233 1320 ei
243 1275 396 1336 impedisset,
411 1289 457 1321 non
472 1273 603 1321 ιιιιιιιιιιιιιΙ
596 1287 621 1338 ιιι
632 1282 739 1321 senatum
749 1275 780 1322 sd

111 1337 214 1398 agendas
224 1339 310 1400 gratias
320 1339 468 1386 introducere.

143 1399 196 1478 (3.)
212 1403 329 1450 Omnium
343 1411 422 1450 eutem
436 1402 585 1450 consiliorum
595 1411 779 1466 secretorumque

108 1466 231 1528 particeps,
243 1466 281 1513 die
282 1481 369 1527 ‚quem
379 1467 488 1514 necendae
497 1467 567 1513 metri
577 1467 641 1513 Nero
651 1468 779 1515 destinare·

107 1536 153 1586 rat,
171 1529 201 1576 ad
217 1530 350 1578 evertendos
365 1531 514 1591 suspiciones,
526 1545 614 1577 ooenam
628 1533 722 1594 utrique
737 1547 779 1578 ex-

108 1593 270 1654 quisitissime
283 1595 398 1641 comitatis
412 1594 484 1641 dedit.
517 1594 578 1640 Item
593 1595 721 1656 Poppoesm
736 1596 779 1643 Se-

108 1657 199 1716 binem,
212 1665 268 1705 tunc
282 1657 358 1705 adhuc
369 1659 498 1705 emicem
478 1673 538 1718 ejus,
549 1657 674 1705 abductam
685 1660 778 1720 merito,

106 1719 319 1798 demandatamque
333 1722 425 1768 interim
435 1723 489 1781 sibi,
505 1723 641 1783 nuptiarum
656 1723 731 1785 specie
743 1737 778 1770 rc

108 1785 179 1846 cepit.
201 1785 252 1832 Nec
262 1786 390 1848 corrupisse
401 1793 529 1843 contentus,
540 1785 599 1832 odeo
609 1778 699 1845 dilexit,
711 1795 739 1834 ut
748 1801 778 1835 ne

106 1848 205 1896 rirrlem
216 1849 312 1912 quidem
323 1851 440 1897 Neronem
451 1863 519 1912 aequo
530 1849 609 1896 tulerit
618 1850 704 1897 animo.
721 1851 777 1898 Cre-

106 1911 182 1960 ditur
188 1922 247 1961 certe
262 1928 309 1961 non
325 1913 395 1961 modo
410 1915 494 1962 missos
510 1913 540 1959 ed
556 1913 714 1961 ercensendam
728 1929 777 1962 non

104 1978 225 2040 recepisse,
237 1977 299 2025 sed'
291 1993 371 2040 ipsum
381 1977 451 2024 etiem
465 1976 591 2025 exclusisse
601 1977 720 2038 quondum
733 1994 777 2041 pro

104 2040 196 2090 foribus
211 2041 349 2102 adstantem,
367 2042 548 2103 miscentemque
561 2040 647 2088 fi'ustm
662 2043 746 2090 mines
753 2053 777 2091 et

104 2121 192 2182 preces,
203 2121 231 2154 ee
241 2106 373 2169 depositum
384 2113 548 2170 reposcentem.
581 2104 669 2214 Qpnre,
680 2106 776 2156 diducto

103 2170 261 2230 nmtrimonio,
278 2170 391 2232 sepositus
405 2178 440 2218 est
453 2183 599 2232 percensum
611 2169 757 2246 legationis
749 2186 775 2219 ιιι
857 2204 859 2211 ,

104 2234 262 2282 Lusitaniam.
285 2234 464 2283 Idsotirvisum
465 2234 775 2310 ,nepmnaecriormimum

103 2313 198 2347 omnem
212 2298 358 2374 divulgereu
377 2299 419 2361 qui
435 2306 513 2345 temen
528 2298 562 2344 sie
576 2311 670 2360 quoque
683 2297 728 2346 hoe
738 2298 774 2346 di-

103 2361 179 2411 sticho
190 2363 294 2410 enotuit.

120 2493 139 2518 “
151 2490 200 2538 Gur
210 2490 276 2538 Otho
286 2492 384 2538 mentito
395 2491 433 2549 sit,
446 2490 558 2553 queritis,
570 2489 637 2536 exsul
648 2489 749 2540 honore?

182 2555 268 2604 Uxoris
279 2556 383 2604 moechus
395 2562 494 2618 creperet
504 2567 553 2602 esse
564 2556 638 2603 suc-'⁹
