1875 2917
157 55 203 101 ne
305 51 382 116 (ιν.)
415 51 607 100 eumcum.
643 53 681 101 ro.

156 181 210 238 bus,
228 179 277 226 heri
294 195 348 228 cum
363 180 400 228 his
413 180 531 228 constitui.
565 179 640 228 Mitto
652 187 767 242 praeterea
784 193 847 226 cnm

108 253 109 258 ’
155 259 182 291 eo
193 259 222 290 ex
234 243 305 291 servis
321 245 380 292 meis
391 243 518 305 medicum,
537 259 617 308 quem,
636 245 720 306 scripsi
732 244 845 290 Germa·

154 309 214 368 nico,
224 309 245 368 si
257 309 333 368 vellet,
340 319 368 356 ut
377 309 490 356 retineret
508 309 614 369 valebis,
624 323 679 355 mec
684 308 843 370 Agrippino,

154 380 178 419 et
188 371 255 420 dabis
262 387 363 435 operam,
369 382 397 420 ut
407 373 487 421 velens
494 374 615 436 pervcmm
621 373 652 420 ed
660 373 841 421 Germanicum

154 438 249 483 tuum.”
282 436 386 485 Abunde
400 437 499 486 arbitror
511 453 599 500 parere,
615 452 662 485 non
674 439 784 500 potuisse
803 438 841 483 ibi

153 501 218 548 nasci
230 501 323 562 Caium,
335 517 384 565 quo
394 517 466 564 prope
476 502 582 550 bimulus
592 502 690 548 demum
703 502 840 564 perductus

155 565 185 612 cb
198 565 263 612 Urbe
278 567 316 612 sit.
350 566 525 615 versiculorum
542 581 637 630 qnoque
655 565 728 613 iidem
748 565 838 614 eodem

155 629 205 677 hac
215 630 321 687 elevant3
338 639 361 678 et
377 645 405 678 eo
421 630 523 693 facilius,
541 631 606 694 quod
624 630 652 676 bi
668 632 718 678 sine
737 638 839 678 auctore

155 701 217 742 sunt
251 694 375 756 Sequenda
390 703 425 744 est
443 697 525 758 igitur,
544 710 599 757 quae
618 693 669 743 sola
685 693 837 758 [Actorum]

153 765 225 806 restat
237 757 285 823 [et]
294 758 384 821 publici
391 760 539 807 instrumenti
548 760 689 816 auctoritem
702 759 838 821 prasertim

156 837 211 870 cum
220 822 292 872 Caius
298 823 409 886 Antium,
422 825 531 872 omnibus
541 838 633 886 semper
641 823 701 872 locis
712 831 787 885 etque
799 838 838 870 se-

55 934 57 938 ,
157 889 259 936 cestibus
270 887 401 951 prelatum,
413 901 461 936 non
472 889 547 949 aliter,
559 903 633 951 quam
648 887 726 935 natale
744 887 837 947 solum,

155 951 276 1010 dilexerim
294 951 444 1015 tradaturque
454 954 534 1014 etiam,
550 951 629 999 sedem
643 967 672 1000 ac
682 952 837 999 domicilium

157 1017 258 1080 imperii,
269 1016 338 1065 taedio
344 1016 425 1078 Urbis,
437 1017 558 1064 mmsferre
565 1031 593 1064 eo
603 1016 739 1063 destindsse.

191 1079 246 1144 (9.)
266 1080 381 1143 Caligulae
398 1095 526 1144 cognomen
545 1082 655 1129 casnensi
673 1082 729 1143 jooo
749 1080 835 1139 traxit,

159 1145 218 1208 quia
231 1145 387 1208 manipulario
402 1145 486 1194 babitu
502 1147 562 1193 inter
576 1145 664 1193 milites
679 1144 834 1192 educebatur.

158 1209 235 1271 Apud
246 1224 305 1272 quos
316 1217 432 1274 quantum
443 1218 565 1274 preterea,-
575 1225 616 1272 per
629 1209 691 1258 banc
701 1210 836 1256 nutrimen·

159 1281 237 1321 torum
258 1272 457 1335 consuetudinem,
480 1289 558 1322 amore
579 1282 603 1321 et
624 1274 701 1337 graue
722 1273 834 1332 valuerit,

159 1339 262 1386 maxime
273 1339 393 1402 cognitum
404 1347 446 1400 cst,
458 1354 521 1400 cum,
533 1347 587 1402 post
594 1353 715 1387 excessum
722 1338 835 1400 Augusti

159 1404 337 1464 tumultuantes,
348 1411 372 1450 et
382 1403 407 1450 in
418 1403 519 1451 furorem
528 1417 605 1466 usque
615 1403 754 1466 praecipites,
765 1401 833 1450 solus

159 1467 306 1516 hauddubie
320 1475 443 1530 conspeetu
458 1483 502 1516 suo
512 1467 585 1515 flexit
619 1467 676 1519 Non
690 1467 753 1514 enim
764 1467 833 1528 prius

159 1532 302 1593 destiterunt,
315 1547 388 1596 quam
399 1531 502 1596 ablegari
517 1546 572 1581 eum
588 1533 619 1580 ob
634 1531 754 1579 seditionis
770 1531 833 1593 peri-

160 1597 249 1658 culum,
265 1598 326 1644 etin
340 1597 474 1660 proximem
488 1597 607 1645 civitatem
620 1595 764 1656 demandari,
780 1595 833 1642 ani·

159 1661 341 1710 madvertissent
364 1661 434 1709 Tunc
444 1661 540 1708 demum
550 1661 581 1707 cd
591 1661 751 1722 poenitentlam
762 1659 831 1718 versi,
915 1708 916 1711 ,

159 1741 266 1790 reprenso
285 1741 312 1774 ac
332 1734 420 1774 retento
439 1725 554 1787 vehiculo,
573 1724 695 1786 invidiam,
712 1739 767 1788 que
783 1723 831 1771 sibi

160 1791 231 1851 lieret,
243 1791 357 1853 deprecati
368 1798 429 1838 sunt

192 1854 262 1920 (10.)
278 1855 411 1903 Comitatus
427 1864 462 1904 est
478 1862 567 1917 patrem
583 1862 606 1901 et
621 1851 719 1916 syriace
733 1849 831 1914 expedi-

160 1921 236 1967 tiones
254 1919 317 1966 unde
331 1934 434 1967 reversus
444 1921 549 1982 primum
559 1920 584 1965 in
595 1919 685 1977 matris,
697 1915 780 1964 deinde
790 1914 831 1979 (ed

159 1981 271 2048 relegati)
282 1983 308 2030 in
315 1983 391 2032 Liviae
400 1984 519 2047 Augustae
530 1983 631 2046 proeviae
638 1997 696 2043 suae,
708 1981 830 2029 conturber-

160 2049 200 2097 nio
217 2049 319 2106 mensim
343 2063 416 2111 quam
432 2048 567 2096 defunctam
588 2054 739 2109 pretextatus
759 2045 830 2091 etiem

161 2122 213 2161 tum
232 2127 274 2176 pro
291 2113 382 2161 Rostris
398 2111 511 2161 laudavit
545 2111 697 2174 Transiitque
710 2110 741 2158 ad
752 2107 830 2156 Anto-

161 2179 226 2226 niam
243 2177 329 2237 aviam,
346 2186 377 2239 et,
394 2178 560 2225 unetvicesimo
571 2177 645 2224 auus
659 2189 729 2233 anuo,
743 2174 830 2222 accitars

161 2243 263 2306 Capreas
282 2257 296 2289 a
315 2241 418 2302 Tiberio,
439 2257 487 2294 uno
505 2250 577 2304 atque
594 2240 676 2287 eodem
692 2240 730 2287 die
751 2246 829 2300 togam

160 2307 254 2366 sumsit,
265 2308 409 2368 barbamque
424 2308 511 2368 posuit,
528 2307 577 2354 eine
587 2303 637 2352 ullo
647 2303 742 2362 honore,
754 2301 829 2365 qualis

161 2372 288 2432 contigeret
298 2370 403 2417 tirocinio
413 2369 513 2417 danum
523 2373 582 2432 ejus.
615 2368 665 2416 Hic
675 2367 784 2416 omnibns
793 2367 828 2412 in-

161 2434 228 2481 sidiis
238 2435 339 2480 tentatus
350 2433 492 2480 elicientium
503 2433 682 2496 cogentiumque
697 2447 722 2480 se
732 2431 763 2478 ad
773 2445 828 2493 que-

161 2497 229 2557 relae,
249 2495 340 2542 nullam
356 2509 462 2556 unquam
481 2499 623 2544 occasionem
642 2495 715 2556 dedit,
737 2493 828 2557 perinde

162 2561 283 2616 obliterato
293 2573 389 2610 suorum
400 2573 464 2619 casu,
476 2562 533 2608 acsi
544 2557 603 2607 nibil
614 2561 725 2621 cuiquam
736 2558 829 2607 accidis-
