1875 2917
154 25 201 72 sss
342 23 420 88 (vr.)
453 22 561 74 Naso.
593 23 635 70 se

187 151 198 214 (
205 150 257 228 28.)
272 151 348 214 Super
357 151 513 214 issgenuorum
519 150 666 213 pedagogia,
674 155 700 196 et
707 157 845 213 nuptarum

153 217 328 276 concubinatus,
345 214 437 264 Vestali
454 216 541 278 virgini
557 215 656 263 Rubria
674 215 730 262 vim
750 214 842 261 intulit

154 279 232 328 Acten
239 280 355 340 libertam,
364 279 464 342 paulum
473 280 558 339 abfuit,
566 279 625 343 quin
633 280 702 340 justo
714 280 844 326 matrimo-
909 282 910 324 t

147 345 195 406 ,uio
211 345 257 392 sibi
273 346 430 407 conjungeret,
447 345 570 392 submissis
587 343 760 391 consularibus
776 344 842 403 viris,

155 409 842 534 ilffibffifflfflioessffiffl

155 537 254 600 figurare
265 546 369 597 conatus,
382 552 436 584 cum
445 537 499 585 dote
509 546 534 586 et
542 537 660 595 flammeo,
676 552 721 599 per
735 537 843 584 sollenne

155 603 300 664 nuptiarum,
312 601 458 659 celeberrimo
469 602 547 649 officio
561 601 691 648 deductum
701 602 737 648 ad
752 617 786 660 se,
799 616 842 663 pro

156 681 229 714 uxore
245 666 337 714 hebuit.
369 667 503 729 Eustatque
521 665 645 728 cujusdam
665 680 716 712 uon
740 666 842 714 inscitus

158 732 230 792 ‘ocus
248 733 266 759 ‘⁶
276 731 342 778 Bene
356 731 395 792 agi
410 732 515 792 potuisse
529 745 585 778 cum
598 731 668 776 rebus
682 729 843 790 humaniasi

182 796 278 843 ontibus
294 804 359 858 pater
375 795 446 844 talem
462 795 585 842 habuisset
599 795 730 845 uxoremst
765 794 841 841 Hune

157 861 267 924 Sporum,
277 860 442 922 Augustarum
452 859 594 907 ornamentis
602 859 739 917 excultum,
746 858 843 906 lecticis

158 940 204 988 que
215 931 315 986 vectum,
325 932 348 971 et
356 925 416 972 circa
423 932 549 972 conventus
556 931 723 985 mercatusque
731 923 842 982 Gracia,

158 1005 186 1036 ac
196 1005 253 1037 mox
261 989 413 1037 Romanitas
422 988 549 1051 Sigillaria,
560 987 687 1035 comitatus
696 996 743 1048 est,
754 987 843 1034 identi-

158 1053 213 1100 dem
221 1053 364 1102 exosculans.
387 1053 413 1100 N
414 1069 453 1100 sm
461 1053 543 1100 matris
551 1053 703 1100 concubinsm
710 1053 842 1114 appetisse,

159 1126 183 1166 et
193 1119 223 1164 ab
234 1118 424 1165 obtrectatoribus
438 1121 498 1180 ejus,
509 1131 539 1164 ne
552 1116 618 1164 ferox
633 1125 707 1178 atque
720 1117 843 1178 impotens

160 1183 246 1230 mulier
255 1191 278 1230 et
287 1181 332 1230 hoc
346 1197 428 1244 genere
442 1183 523 1245 gratia
536 1180 679 1244 prevaleret,
691 1181 841 1240 deterritum,

160 1261 229 1295 nemo
237 1247 368 1295 dubitavit:
380 1247 464 1310 utique
470 1254 598 1309 postquam
603 1245 758 1306 meretricem,
766 1259 843 1307 quam

160 1312 225 1359 fama
238 1319 286 1360 erat
299 1311 440 1373 Agrippinae
453 1311 608 1370 simillimam,
622 1310 683 1357 inter
696 1311 843 1358 concubinas

161 1377 254 1439 recepit.
282 1375 350 1425 Olim
360 1376 439 1436 etiam,
452 1377 544 1438 quoties
553 1374 637 1422 lecticis
646 1389 703 1421 cum
712 1382 792 1421 matre
803 1389 843 1422 ve-

161 1440 261 1502 heretur,
272 1440 422 1488 libidinatum
437 1441 531 1501 inceste,
541 1455 571 1487 ac
583 1438 684 1487 maculis
699 1440 772 1486 vestis
786 1453 843 1501 pro-

162 1505 247 1566 ditum,
260 1505 382 1553 affimant

195 1570 206 1635 (
213 1569 265 1635 29.)
281 1571 354 1618 Suam
365 1568 461 1631 quidem
475 1567 614 1632 pudicitiam
625 1567 771 1629 usqueadeo
786 1581 843 1628 pro·

162 1635 247 1695 edant,
264 1642 300 1696 ut,
323 1634 486 1681 contaminatis
503 1647 570 1695 pene
588 1633 698 1680 omuibus
716 1632 842 1690 menbris,

163 1701 288 1748 novissime
299 1699 367 1762 quasi
381 1712 455 1760 genus
469 1699 535 1746 lusis
550 1697 700 1759 excogitaret,
715 1710 774 1757 quo,
786 1695 844 1742 fem

162 1765 223 1828 pelle
237 1772 363 1825 contectus,
378 1763 520 1810 emitteretur
532 1777 546 1809 e
556 1761 634 1820 cavei,
644 1761 800 1822 virorumque
815 1775 844 1807 ae

163 1830 302 1878 feminarum
314 1827 344 1875 ad
355 1828 458 1890 stipitem
468 1827 624 1888 deligatorum
633 1826 734 1887 inguina
744 1824 844 1871 invade-

162 1902 211 1950 τοῖς
223 1901 252 1950 et,
264 1909 318 1941 cum
328 1892 418 1940 affatim
428 1891 569 1950 desevisset,
580 1889 730 1938 conficeretur
738 1888 844 1951 aDory·

164 1958 238 2022 phoro
248 1959 345 2015 liberto;
363 1958 402 2006 cui
416 1958 497 2015 etiam,
508 1955 569 2004 siesst
579 1954 626 2017 ipsi
635 1955 733 2016 Sponsa,
745 1954 779 1999 ita
790 1954 844 2015 ipse

165 2023 282 2086 denupsit,
294 2037 360 2100 uoces
371 2036 466 2084 quoque
479 2028 504 2068 et
516 2020 619 2095 quisuis
633 2019 682 2065 vim
698 2018 843 2094 patientium

165 2103 286 2198 {tt
293 2094 410 2196 titt
425 2084 845 2209 effliffliffimpiiii

166 2229 229 2272 cum,
247 2211 354 2260 autulii
372 2214 472 2276 corporis
488 2220 554 2276 parte
571 2225 659 2273 pumm
677 2225 741 2265 esse;
760 2224 846 2256 smum

165 2277 287 2339 plerosque
303 2275 449 2324 dissimulare
466 2277 559 2335 vitium,
578 2283 601 2322 et
618 2273 703 2321 callide
719 2274 845 2334 obtegeret

166 2339 263 2399 ideoque
274 2338 383 2399 professis
394 2339 457 2401 apud
470 2356 495 2388 se
505 2339 679 2387 obscenitatem
689 2345 774 2386 caetera
784 2351 847 2399 quo·

166 2416 212 2464 que
223 2402 358 2448 concessisse
367 2401 458 2449 delicta.

198 2462 268 2526 (30.)
285 2463 430 2512 Diuitiarum
442 2473 466 2512 et
480 2465 586 2528 pecunias
596 2465 700 2512 irucbsm
710 2478 760 2511 uon
771 2464 848 2512 alium

31 2543 32 2566 i
67 2504 73 2518 ι
166 2527 273 2590 putabat
289 2539 360 2586 quam
378 2527 551 2586 profusionems
568 2528 674 2578 sordidos
687 2542 717 2575 ac
730 2527 848 2590 deparcos

166 2604 223 2648 esse,
235 2587 321 2649 qubus
332 2589 489 2649 iinpemnum
498 2593 559 2640 redo
570 2599 698 2650 emesam
714 2591 846 2654 udinem
