1875 2917
337 58 415 124 (vr.)
446 59 552 110 unae.
585 63 609 110 e
761 61 807 109 sor

139 183 253 248 ordinent,
265 185 345 248 ausus,
354 187 445 236 tt'unsiit
455 189 485 236 cd
493 188 632 253 Augustum
640 205 648 247 ς
659 197 684 236 et
692 188 718 234 in
726 187 809 237 diebus

139 250 221 310 paucis
236 251 304 311 obiit,
322 253 436 300 nonnulli
455 254 545 316 etipse
561 254 660 302 infamis
678 252 807 314 adsposua

140 313 204 360 Nem
227 315 355 376 Antonius,
380 331 435 365 eum
458 317 571 366 desiderio
596 318 677 367 amico
704 317 809 365 Servilia

140 377 226 426 Naidis
236 380 395 443 transfugisse,
405 381 511 444 jactavit.

172 440 183 506 (
190 442 225 508 4.)
241 445 282 492 Ex
296 445 340 492 hoc
353 445 475 493 Domitius
489 447 600 506 nescitur,
630 460 685 494 uem
698 454 809 493 etntcrem

138 504 236 556 fnmiliae
251 509 401 573 pecuniaque
416 511 441 557 in
457 519 595 558 testamento
634 511 714 572 ugusti
726 510 808 571 fulsse,

139 583 196 617 mos
207 572 280 635 urigo
290 581 397 621 notatum
407 583 456 632 est;
474 589 522 622 non
531 576 611 622 minus
626 574 748 636 aurigandi
761 582 809 621 erte

139 633 165 679 in
188 635 342 686 adoloecentib
362 639 446 701 clarus,
468 654 541 702 quam
562 639 645 687 deinde
669 639 809 685 ornamentis

139 699 322 762 triumphalibus
337 717 367 749 ex
383 704 522 752 Germanico
537 702 606 751 bello.
638 701 729 750 Verum
748 717 810 750 erro-

139 889 225 939 honore
235 891 324 956 equites
335 893 455 944 Romanos
469 905 633 958 matronasque
647 895 677 942 ad
692 895 809 958 agendum

139 955 240 1003 mimum
250 958 362 1020 produxit
372 961 397 1006 in
407 975 508 1008 scenam.
523 959 664 1008 venationes
674 967 698 1006 et
707 959 733 1005 in
740 959 809 1020 circo,

139 1027 163 1066 et
174 1021 313 1071 inomnibus
320 1024 392 1072 Urbis
399 1026 541 1088 regionibus,
548 1024 626 1072 dedit:
639 1037 727 1071 munus
738 1023 808 1069 etiarn

139 1083 319 1146 gladiatorium
337 1088 377 1136 sed
393 1088 459 1136 tanti
477 1088 574 1149 wirnt,
592 1096 620 1135 ut
635 1102 725 1136 seoesae
739 1087 810 1134 fuerit

139 1146 259 1212 Augusto,
271 1151 332 1200 eitun
342 1153 428 1200 frustra
437 1154 563 1214 monitum,
574 1153 649 1200 edicto
660 1155 770 1200 coercere.

172 1212 226 1278 (ὃ.)
242 1216 283 1263 Ex
299 1216 405 1265 Antonii
422 1220 511 1280 majore
528 1225 619 1280 patrem
637 1217 738 1264 Neronis
756 1231 810 1278 pro·

138 1279 232 1340 creent,
253 1281 318 1328 omni
336 1289 400 1344 parte
419 1283 474 1330 vito
492 1281 665 1330 demutabilem:
683 1280 808 1342 siquidm,

139 1355 216 1390 comes
231 1343 262 1390 ad
278 1344 399 1393 Orientem
415 1346 442 1394 C.
458 1346 557 1399 Curris
570 1346 672 1408 juvenis,
689 1345 764 1392 occiso
779 1344 809 1390 li-

140 1405 204 1454 berto
219 1422 270 1469 suo,
286 1409 350 1471 quod
365 1418 452 1473 potere,
467 1418 582 1473 quantum
594 1410 728 1472 jubebatur,
745 1423 810 1456 recu·

139 1469 209 1532 siret
221 1472 331 1522 dimissus
346 1491 360 1522 e
374 1474 466 1522 cohorte
482 1475 619 1534 amiconsm,
634 1473 709 1520 nihilo
718 1473 810 1520 modes-

140 1534 188 1581 tius
207 1536 274 1583 vixit.
307 1537 354 1585 Sed
371 1546 402 1598 et,
424 1539 450 1584 in
472 1539 517 1585 vim
535 1539 624 1600 Appio
641 1538 700 1597 vico,
718 1543 811 1599 repente

140 1611 249 1661 puerum,
260 1601 337 1649 eitam
345 1603 467 1664 jumentis,
474 1601 540 1648 haud
550 1603 654 1664 ignarus,
663 1601 774 1657 obtrivit3
787 1609 811 1647 et

140 1661 225 1709 chrse
238 1664 315 1727 medio
330 1666 380 1714 foro
395 1666 490 1713 uridsm
504 1667 579 1727 equiti
594 1666 702 1712 Romano
714 1665 810 1711 liberius

136 1728 244 1789 jurganti
254 1729 350 1778 oculum
360 1731 434 1788 eruit;
452 1729 555 1792 perfidiae
565 1745 620 1778 vero
631 1737 710 1790 unta,
721 1737 750 1774 ut
763 1743 810 1775 non

138 1791 211 1840 modo
221 1794 360 1855 argentarios
375 1795 455 1856 pretiis
469 1809 547 1842 rerum
562 1798 714 1854 mensurum,
731 1792 772 1840 sed
787 1801 811 1840 et

139 1855 164 1902 in
180 1858 281 1918 preturi
296 1859 399 1906 rneroede
414 1859 547 1922 primarum
607 1857 612 1869 '
657 1859 699 1916 ’os‚
715 1857 809 1904 honde

139 1921 205 1966 verit.
238 1921 341 1970 Notatus
352 1925 383 1970 ob
392 1923 443 1972 hoc
453 1930 478 1970 et
491 1923 574 1970 sororis
586 1925 648 1985 joco,
660 1922 810 1985 querentibus

137 1983 241 2032 dominis
251 1985 387 2048 factionum,
398 1989 415 2016 ‘⁴
423 1987 606 2050 represenmnda
616 1987 712 2050 promia
719 1987 745 2032 in
755 2001 810 2048 pos-

138 2050 242 2109 temm,”
259 2052 344 2099 sanxit.
377 2052 512 2114 hlaJestatis
528 2066 630 2115 quoque,
646 2061 670 2098 ct
685 2050 810 2097 adulterio-

138 2125 201 2173 rum,
220 2115 347 2178 incestique
365 2131 418 2163 cum
439 2130 514 2164 acrore
532 2115 632 2178 Lepidi,
652 2116 697 2162 sub
715 2129 811 2164 excessu

139 2175 302 2241 Tiberii'reus,
316 2181 445 2233 mutatione
455 2188 587 2242 temporum
597 2180 686 2236 evasit3
704 2179 812 2225 doecssit·

138 2242 280 2306 quePyrgia
293 2246 375 2292 morbo
417 2261 454 2292 uae
466 2245 593 2305 intercutis,
603 2243 696 2294 sublato
702 2243 752 2292 tilio
762 2243 813 2290 Ne-

138 2319 194 2352 rone
204 2321 234 2354 ex
244 2309 387 2372 Agrippini,
471 2310 539 2356 arrico
548 2307 634 2372 gustet

172 2368 225 2434 (6.)
242 2372 306 2421 Nero
321 2381 391 2421 natus
406 2381 441 2421 est
453 2373 525 2421 Antii
538 2381 592 2435 post
605 2386 695 2419 nonum
708 2385 812 2418 mersen

137 2448 213 2496 quam
235 2435 346 2486 Tiberius
367 2439 473 2497 excessit,
492 2437 679 2485 duodevicesimo
697 2435 813 2484 Galendos

137 2497 275 2561 Jtnucrics,
295 2502 471 2564 turtumquod
492 2502 608 2549 exoriente
626 2499 683 2558 sole,
703 2514 769 2562 praue
784 2507 813 2546 ut

134 2563 211 2614 tediis
222 2565 451 2632 priuaqnemterri,
460 2567 636 2630 monogamo.
659 2561 814 2627 Degenituri
874 2601 879 2608 .
