1875 2917
142 23 199 72 noc
335 21 415 86 (vr.)
447 18 553 71 uano.
588 24 625 71 n.

141 165 184 213 per
189 149 301 198 dmicilli
307 150 484 198 παιιιῐιιίωαιι
489 150 611 198 ἀίύιιὶώ
618 148 813 212 primipilarium
820 167 832 209 ς

143 216 185 262 ubi
196 223 219 262 et
281 230 322 262 um
333 216 409 277 open's
420 215 603 263 sumtuosissimi
612 213 675 262 iecit.

176 278 233 342 (lo.
262 279 353 343 Atque,
370 288 398 326 ut
408 280 526 327 certiorem
538 278 616 326 sdbuc
625 278 734 327 indolem
745 288 831 328 ostn-

144 342 214 403 ἀετοί,
231 346 248 370 “
259 358 289 390 ex
305 345 411 406 Augusti
427 344 561 407 prescripto
577 345 753 405 impercussum
771 348 830 406 ce,’'

144 407 269 484 proteum,
281 423 356 482 neque
367 407 520 484 liberalitatis,
534 423 611 471 neque
622 407 765 484 clementie,
780 424 828 458 nee

143 471 828 598 omittit-intimum

145 601 246 648 Premis
257 599 386 648 delatorum
398 601 480 664 Papiae
493 600 553 663 legis
568 601 600 648 sd
609 609 706 663 quartas
721 601 825 664 redegit.

145 663 235 713 Divisis
246 665 335 727 populo
345 666 433 712 viritim
445 664 611 728 quadringenis
625 666 742 724 nummis,
755 681 825 714 m

145 737 222 776 torum
236 729 382 777 nobilissimo
396 726 488 792 cuiqucss
504 729 544 776 sed
560 745 575 776 a
589 744 614 776 rc
623 728 738 778 familiari
749 730 826 779 desti-

146 802 205 854 tuto‚
222 809 300 841 annua
316 794 407 853 salutis,
425 803 448 840 et
463 793 607 854 quibusdam
623 794 754 856 quingen,
766 810 826 844 m.

146 858 238 916 stituit3
264 859 320 906 item
347 859 490 921 praetorianis
516 857 650 905 cohortibus
671 857 825 908 frumentum

147 934 292 971 menstruum
308 923 443 986 gratuitum.
476 923 518 981 Et,
530 937 585 968 cum
596 921 625 968 de
641 922 763 984 supplicio
779 940 825 973 cu.

144 987 240 1049 jusdam
259 989 334 1050 capite
351 987 464 1047 damnati,
483 995 511 1034 ut
527 1001 557 1034 ex
574 1001 638 1034 more
656 987 824 1050 subscriberet,

147 1051 322 1110 admoneretur3
341 1054 358 1080 “
369 1050 451 1110 Quem
468 1051 580 1110 vellem,”
597 1052 684 1112 inquit,
702 1053 720 1078 “
732 1055 826 1101 nescire

146 1115 224 1163 literas
233 1117 260 1163 !''
269 1115 358 1164 Omnes
369 1113 484 1179 [ordines]
493 1114 593 1162 subinde
601 1129 628 1162 ac
638 1116 775 1164 memoriter
783 1133 824 1165 ss-

146 1178 240 1227 lutcvit.
271 1179 361 1242 Agenti
375 1181 466 1228 senatui
481 1179 567 1242 ffatim
580 1179 707 1240 respondit,
725 1183 745 1208 ‘⁶
757 1181 824 1230 Cum

146 1245 277 1292 meruero.”
309 1245 351 1291 Ad
365 1253 502 1306 campestres
516 1243 691 1291 exercitationes
707 1259 764 1292 suas
778 1246 824 1294 cd.

147 1309 212 1356 misit
228 1317 252 1355 et
272 1308 380 1370 plebem
400 1308 585 1371 declamavitque
603 1307 689 1370 saepius
707 1310 822 1370 publices

147 1374 252 1422 recitavit
263 1381 286 1420 et
296 1373 406 1431 carmina,
419 1388 465 1420 non
473 1372 544 1420 modo
551 1373 624 1432 domi,
636 1371 676 1419 ssd
683 1373 710 1420 in
718 1372 822 1436 theatro,

147 1439 213 1486 tanti
224 1439 382 1485 universorum
393 1437 484 1497 lretitid,
496 1445 532 1498 ut,
543 1439 573 1485 ob
584 1437 753 1497 recitationem,
762 1454 823 1502 sup-

148 1503 244 1566 plicatio
263 1501 352 1550 decreta
371 1503 409 1561 sit,
429 1517 503 1564 eaque
521 1517 576 1564 pers
592 1502 724 1548 carminum
744 1504 824 1552 aurcis

148 1567 221 1614 literis
231 1566 290 1614 «lovi
301 1565 434 1629 Capitolino
444 1566 528 1614 dicata.

181 1630 249 1696 (ll.)
271 1630 460 1694 Spectaculorum
482 1630 586 1692 plurime
605 1638 630 1676 et
650 1631 715 1677 raris
736 1645 826 1692 genn

148 1695 235 1744 edidit:
251 1695 379 1758 juvenales,
392 1696 510 1753 circenses,
526 1696 626 1742 scenicos
635 1693 713 1754 ludos,
728 1694 824 1756 gudis-

148 1761 234 1808 tcrium
249 1775 343 1807 munus.
375 1759 533 1807 ,Iuvenalibus
549 1774 613 1806 senes
628 1772 723 1821 quoquc
735 1773 824 1808 cunm.

148 1825 215 1883 lares,
228 1839 333 1886 anusque
343 1832 468 1882 matronas,
479 1824 565 1885 recepit
575 1823 605 1870 nd
615 1822 703 1869 lusum.
725 1822 823 1872 Circeis.

149 1889 215 1936 sibus
225 1887 276 1935 loca
286 1888 361 1950 equiti
372 1895 456 1935 secreta
472 1902 487 1933 a
501 1888 588 1935 ceteris
605 1887 703 1934 tribuite
721 1889 823 1936 commi.

126 1970 130 1984 ·
149 1953 226 2015 sitque
242 1953 312 2000 etiam
328 1951 469 1999 camelonrm
483 1951 616 2014 quadrigas
648 1950 822 2062 Ludinhpuog

149 2031 192 2079 pro
203 2018 328 2064 eternitate
338 2016 430 2078 imperii
440 2024 567 2078 susceptos,
583 2015 696 2078 appellari
707 2018 725 2043 ‘⁶
767 2019 821 2064 ul.

150 2081 219 2128 mos’'
239 2080 322 2139 voluit,
340 2095 370 2127 ex
388 2088 489 2142 utroque
506 2079 586 2128 ordine
598 2089 623 2126 et
639 2095 698 2127 sexu
714 2078 823 2144 plerique

149 2143 250 2191 ludicras
275 2152 351 2204 partes
379 2144 546 2191 sustinuerunt.
577 2144 723 2191 Notissimus
748 2159 823 2206 eques

150 2207 273 2254 Romanus
289 2207 411 2268 elephanto
432 2207 582 2268 supersedens
601 2221 643 2268 per
660 2207 823 2257 oeudmum

150 2268 286 2315 demcurrit.
294 2269 404 2316 ‚inducta
413 2277 448 2318 est
458 2280 482 2316 et
489 2270 584 2317 Afranii
595 2279 682 2332 togate,
690 2264 770 2333 quri“
778 2271 823 2320 In.

150 2329 275 2377 cendium”
287 2332 434 2389 inscribiturr
452 2347 641 2396 ccnoessumque,
653 2342 681 2380 ut
690 2336 776 2382 seenid
784 2351 824 2384 sr-

149 2391 225 2438 dentis
236 2392 319 2440 domus
333 2395 500 2455 supellectilem
509 2395 641 2460 diriperent,
652 2413 680 2445 sc
692 2398 738 2445 sibi
748 2398 825 2448 habc-

150 2463 208 2502 rent.
241 2455 563 2518 sprmepopulomirsffi·
576 2462 826 2526 muniumrcrampcr

149 2529 228 2588 omma
239 2515 302 2566 tiles:
316 2519 408 2579 cingula
415 2523 520 2581 quotidie
529 2523 604 2574 millia
614 2525 695 2572 avium
704 2527 825 2590 mitisque
