1875 2917
284 49 345 114 (v.)
378 48 564 98 cosumus·
598 53 637 100 as.
750 50 794 99 nu

156 177 228 243 (30.)
243 179 380 230 Auctoritas
397 178 547 242 dignitasque
564 178 645 226 t'ormae
658 191 706 226 non
719 175 796 226 defuit

123 243 161 290 uel
171 243 250 303 stand,
259 243 296 291 vel
307 243 403 302 sedenti,
412 258 439 290 ac
450 243 566 306 praecipue
577 242 720 305 quissent,
728 241 795 291 Nam

122 314 146 354 et
161 307 261 368 prolixo,
278 323 320 356 nec
334 307 400 368 exiii,
417 323 511 369 corpore
525 316 588 365 erat3
606 315 630 354 et
639 307 715 369 speeie
728 307 793 353 oani-

122 372 200 434 tieque
211 373 316 434 pulchri,
333 373 418 434 opimis
435 373 571 420 cervicibus.
595 372 711 421 Ceterum
723 379 746 418 et
756 372 794 418 iu-

122 436 262 498 gredientem
281 437 438 484 destituebant
458 436 559 500 poplites
577 437 656 484 minus
675 435 753 493 firmi3
770 443 794 482 et

121 500 281 612 remissepuid
290 501 328 548 vel
334 502 393 577 serio
399 511 506 577 agentem
514 500 590 548 muita
597 500 792 610 debonespabmta

121 573 794 693 tttnntspttitttnttttttitpttt,

123 709 178 740 eum
201 709 298 756 sompes,
319 703 370 742 tum
391 694 416 740 in
435 694 651 757 quantulocumque
673 702 736 754 actu,
756 691 795 742 vel

122 758 226 804 maxime
237 759 370 806 tremulum.
804 768 806 773 '

156 820 223 885 (31.)
239 821 381 870 valetudine
395 823 455 870 sicut
470 823 528 870 olim
544 823 619 884 gravi,
635 823 670 868 ita
683 821 795 884 Prinoeps

122 886 272 948 perprospera
282 903 339 934 usus
350 895 393 947 est,
408 895 506 949 exeepto
519 887 634 935 stomachi
648 885 734 945 dolore,
746 901 795 948 quo

122 965 148 997 se
159 959 288 1013 correptum
299 952 370 999 etiam
380 951 409 998 de
423 951 586 999 mnsoisoendt
596 959 671 999 morte
681 951 794 1012 cogitisse

122 1014 191 1062 dixis

157 1078 226 1144 (32.)
243 1080 358 1128 Convivia
374 1079 472 1142 agitavit
487 1089 510 1127 et
525 1079 605 1142 ampla
615 1089 638 1127 et
652 1079 755 1139 assidua,
766 1094 794 1127 ac

121 1141 169 1190 fere
179 1145 346 1207 patentissimis
356 1145 421 1204 loeis,
434 1153 462 1192 ut
471 1145 609 1208 plerumque
621 1145 753 1192 sexoeuteni
763 1144 795 1192 si-

122 1208 176 1255 mul
186 1208 362 1256 discumberent.
395 1208 541 1257 Convivatus
557 1211 629 1256 estet
643 1223 713 1271 super
726 1208 796 1256 esnis-

123 1272 211 1320 sarium
233 1273 319 1319 Fucini
340 1272 412 1333 laets,
436 1288 463 1322 ao
487 1287 553 1336 pane
575 1275 716 1332 submersus,
740 1287 796 1320 oum

123 1337 210 1384 emissa
219 1337 309 1398 impetu
321 1352 383 1399 aqua
393 1336 550 1385 redundasset
582 1337 797 1385 Adhibebatomni
840 1375 843 1381 .

123 1415 194 1448 coenae
200 1400 312 1449 etlibero's
319 1416 374 1450 suos
382 1403 520 1464 eumpueris
528 1402 660 1465 puellisque
667 1401 796 1460 nobilibus,

124 1465 175 1527 qui,
187 1481 251 1513 mora
262 1467 340 1527 veteri,
350 1465 380 1512 sd
391 1465 465 1514 fulera
476 1466 588 1514 lectomm
599 1466 710 1525 ndentes,
720 1481 796 1513 vesce-

122 1537 210 1576 rentur.
237 1530 356 1590 Convivae,
368 1531 410 1592 qui
420 1529 495 1592 pridie
505 1530 620 1594 scyphum
635 1545 730 1578 aureum
746 1546 796 1578 sur-

123 1593 224 1704 iiii?
232 1595 660 1721 innittentem
668 1603 797 1707 iffi:

124 1721 237 1782 edictum,
254 1723 272 1750 “
284 1737 331 1784 quo
342 1723 434 1770 veniam
449 1722 522 1783 daret,
538 1724 621 1771 flatum
637 1723 797 1785 uepitumque

125 1787 213 1834 ventris
227 1787 252 1832 in
267 1787 373 1847 convivio
389 1787 509 1835 emittendi
517 1789 545 1845 ;''
562 1803 625 1849 cum,
640 1787 797 1850 periclitatam

125 1851 252 1913 quemdam
263 1866 311 1913 prae
321 1851 410 1914 pudore
420 1867 452 1898 ex
461 1853 611 1911 continmtii,
622 1853 750 1914 repeisset

115 1924 123 1942 “
160 1913 229 1979 (33.)
246 1915 302 1963 Cibi
309 1916 405 1978 vinique
416 1931 565 1980 quocumque
574 1924 598 1963 et
605 1916 798 1978 temporaetlooo

126 1980 338 2042 appetentissimus.
365 1981 512 2042 Cognosoens
522 1981 642 2044 quondam
655 1983 680 2027 in
690 1981 798 2043 Augusti

126 2043 185 2102 foro,
209 2045 315 2106 ianuaque
337 2043 416 2092 nidore
437 2045 539 2106 prandii,
562 2046 626 2108 quod
644 2046 669 2092 in
690 2044 800 2106 proxima

126 2107 214 2155 Martis
232 2107 281 2156 aede
298 2108 368 2158 Saiiis
386 2111 550 2171 apparabatur,
570 2110 659 2158 deserto
678 2108 799 2168 tribunali,

127 2171 247 2218 adscendit
257 2171 288 2220 ad
299 2173 434 2234 sacerdotes,
445 2173 540 2235 unique
556 2173 675 2222 decubuit.
704 2173 756 2221 Nee
766 2181 801 2220 te·

127 2251 189 2284 mere
208 2251 313 2299 unquam
330 2237 429 2284 triclinio
446 2239 564 2298 abseessit,
581 2239 627 2285 nisi
642 2238 757 2287 distentus
774 2251 802 2284 aa

127 2298 232 2360 madens,
245 2309 268 2348 et
279 2310 305 2349 ut
316 2303 403 2361 statim,
413 2303 506 2364 supino,
516 2317 542 2350 ac
549 2318 591 2364 per
598 2317 707 2350 somnum
715 2301 800 2361 hianti,

127 2364 201 2426 pinna
211 2365 236 2412 in
247 2380 273 2414 os
283 2365 407 2426 inderetur,
420 2366 450 2413 ad
461 2367 634 2415 exonerandum
645 2365 800 2414 stomachum.

128 2429 211 2478 Somni
221 2431 352 2480 brevissimi
367 2439 430 2488 erat3
448 2429 516 2494 (nam
530 2439 584 2479 ante
594 2431 696 2478 mediun
710 2438 802 2478 noctem

128 2493 267 2557 plerumque
282 2493 419 2558 evigilabat)
434 2503 463 2543 ut
482 2503 560 2543 tamen
579 2495 679 2543 interdiu
695 2508 804 2542 nonnun-
847 2523 850 2526 ·

131 2573 204 2620 qnam
217 2560 241 2606 iu
251 2559 412 2620 iuredicendo
422 2559 608 2619 obdormisceret,
621 2560 708 2621 vixque
721 2560 751 2604 ab
762 2555 804 2604 ad-
